@article{theodem-laurent,
title={Théorie de la démonstration (notes de cours)},
author={Laurent, Olivier},
journal={\url{http://perso.ens-lyon.fr/olivier.laurent/thdem.pdf}}
}

@article{mogbil-hdr,
	title={Complexité en logique linéaire, et logique linéaire en complexité implicite},
	author={Mogbil, Virgile},
	journal={mémoire d'HDR, université Paris 13},
	year={2012}

@inproceedings{dummy,
 author = {Doe, John and Doe, Mary and Doe, Mickael},
 title = {Abstract nonsense},
 booktitle = {Proceedings of the eighth annual symposium of whatever},
 series = {ADDR '76},
 publisher = {Springer}
} 

@article{gue-linear,
 author = {Guerrini, Stefano},
 title = {A linear algorithm for MLL proof net correctness and sequentialization},
 journal = {Theor. Comput. Sci.},
 issue_date = {April, 2011},
 volume = {412},
 number = {20},
 month = apr,
 year = {2011},
 issn = {0304-3975},
 pages = {1958--1978},
 numpages = {21},
 url = {http://dx.doi.org/10.1016/j.tcs.2010.12.021},
 doi = {10.1016/j.tcs.2010.12.021},
 acmid = {1961796},
 publisher = {Elsevier Science Publishers Ltd.},
 address = {Essex, UK},
 keywords = {Multiplicative linear logic, Proof nets},
} 

@PhDThesis{dan-these,
       author = "Vincent Danos",
        title = "Une application de la logique linéaire à l'étude des processus de normalisation (principalement du $\lambda$-calcul)",
         type = "Ph.{D}.\ {T}hesis",
       school = "Universit\'e Denis Diderot, Paris 7",
         year = "1990",
}

@inproceedings{domtree,
 author = {Murawski, A. S. and Ong, C. -H. L.},
 title = {Dominator Trees and Fast Verification of Proof Nets},
 booktitle = {Proceedings of the 15th Annual IEEE Symposium on Logic in Computer Science},
 series = {LICS '00},
 year = {2000},
 isbn = {0-7695-0725-5},
 pages = {181--},
 url = {http://dl.acm.org/citation.cfm?id=788022.788988},
 acmid = {788988},
 publisher = {IEEE Computer Society},
 address = {Washington, DC, USA},
 keywords = {Linear Logic, verification of proof nets, dominator trees},
} 

@INPROCEEDINGS{laf-parsing,
    author = {Yves Lafont},
    title = {From Proof-Nets to Interaction Nets},
    booktitle = {Advances in Linear Logic},
    year = {1994},
    pages = {225--247},
    publisher = {Cambridge University Press}
}

@inproceedings{mogbil-naurois,
 author = {De Naurois, Paulin Jacob{\'e} and Mogbil, Virgile},
 title = {Correctness of multiplicative (and exponential) proof structures is {NL}-complete},
 booktitle = {Proceedings of the 21st international conference, and Proceedings of the 16th annual conference on Computer Science Logic},
 series = {CSL'07/EACSL'07},
 year = {2007},
 isbn = {3-540-74914-4, 978-3-540-74914-1},
 location = {Lausanne, Switzerland},
 pages = {435--450},
 numpages = {16},
 url = {http://dl.acm.org/citation.cfm?id=2392389.2392431},
 acmid = {2392431},
 publisher = {Springer-Verlag},
 address = {Berlin, Heidelberg},
} 


@Article{drcrit,
  title={The structure of multiplicatives},
  year={1989},
  author={Danos, Vincent and Regnier, Laurent},
  journal={Arch. Math. Logic},
  volume={28},
  number={3},
  pages={181-203}
}

@phdthesis{huet-these,
  title={Résolution d'équations dans les langages d'ordre 1, 2... $\omega$},
  author={Huet, Gérard},
  year={1976}
}

@unpublished{blueprint,
title = {Geometry of Interaction {VI}: a blueprint for Transcendental Syntax},
author = {Jean-Yves Girard},
year = {preprint},
}

@article{unif-mm,
 author = {Martelli, Alberto and Montanari, Ugo},
 title = {An Efficient Unification Algorithm},
 journal = {ACM Trans. Program. Lang. Syst.},
 year = {1982},
 publisher = {ACM}
} 

@inproceedings{linear-unif,
 author = {Paterson, M. S. and Wegman, M. N.},
 title = {Linear unification},
 booktitle = {Proceedings of the eighth annual ACM symposium on Theory of computing},
 series = {STOC '76},
 publisher = {ACM}
} 

@article{huet-unif2,
title = {The undecidability of unification in third order logic},
author = {Huet, Gérard},
year = {1973}
}

@book{aveugle1,
title = {{«~Le Point Aveugle~» -- Tome I}},
author = {Jean-Yves Girard},
year = {2006},
publisher = {Hermann}
}

@book{aveugle2,
title = {{«~Le Point Aveugle~» -- Tome II}},
author = {Jean-Yves Girard},
year = {2006},
publisher = {Hermann}
}


@book{proofs-types,
	author = {Jean-Yves Girard~; Yves Lafont~; Paul Taylor},
	title = {{«~Proofs and Types~»}},
	publisher = {Cambridge University Press},
	year = {1989}
}


@book{takesaki1,
	title = {{«~Theory of Operator Algebras I~»}},
	author = {Masamichi takesaki},
	publisher = {Springer},
	year = {1979}
}

@book{takesaki2,
	title = {{«~Theory of Operator Algebras II~»}},
	author = {Masamichi takesaki},
	publisher = {Springer},
	year = {1979}
}

@Inproceedings{gir-ecq,
title = {Between Logic and Quantic~: a tract},
author = {Jean-Yves Girard},
editor = {Ruet and Ehrhard and Girard and Scott},
booktitle = {Linear Logic In Computer Science},
publisher = {Cambridge University Press},
year={2004}
}

@article{gir-total,
 author = {Jean-Yves Girard},
 title = {The system \hbox{F} of variable types, fifteen years later},
 journal = {Theor. Comput. Sci.},
 volume = {45},
 issue = {2},
 month = {September},
 year = {1986},
 issn = {0304-3975},
 pages = {159--192},
 numpages = {34},
 url = {http://portal.acm.org/citation.cfm?id=21541.21543},
 acmid = {21543},
 publisher = {Elsevier Science Publishers Ltd.},
 address = {Essex, UK},
} 


@Article{prawitz,
	title = {Natural deduction, a proof-theoretical study},
	author = {Dag Prawitz},
	journal = {Almqvist \& Wiksell},
	year = {1965}
}

@article{locus-solum,
  author    = {Jean-Yves Girard},
  title     = {Locus Solum: From the rules of logic to the logic of rules},
  journal   = {Mathematical Structures in Computer Science},
  volume    = {11},
  number    = {3},
  year      = {2001},
  pages     = {301-506},
  ee        = {http://dx.doi.org/10.1017/S096012950100336X},
  bibsource = {DBLP, http://dblp.uni-trier.de}
}

@Article{gir-lll,
title = {{Light Linear Logic}},
author = {Jean-Yves Girard},
journal = {Information and Computation},
note = {143:175 -- 204},
year = {1998}
}

@article{gir-ll,
title = "Linear logic",
journal = "Theoretical Computer Science",
volume = "50",
number = "1",
pages = "1 - 101",
year = "1987",
note = "",
issn = "0304-3975",
doi = "10.1016/0304-3975(87)90045-4",
url = "http://www.sciencedirect.com/science/article/pii/0304397587900454",
author = "Jean-Yves Girard"
}

@Inproceedings{gir-mult,
title = {{Multiplicatives}},
author = {Jean-Yves Girard},
booktitle = {Logic and computer science~: new trends and applications},
editor = {Lolli},
publisher = {Università di Torino},
pages = {11 -- 34},
year = {1988}
}




@Inproceedings{goi0,
title = {{Towards a Geometry of interaction}},
author = {Jean-Yves Girard},
year = {1989},
booktitle = {Contemporary Mathematics n\up{o}~92},
pages = {69 -- 108},
publisher = {American Mathematical Society}
}


@Inproceedings{goi2,
title = {{Geometry of interaction II~: deadlock-free algorithms}},
author = {Jean-Yves Girard},
year = {1990},
booktitle = {Lecture Notes in Computer Science n\up{o}~417},
editor = {Martin-Löf and Mints},
publisher = {Springer-Verlag},
pages = {76 -- 93},
}



@Inproceedings{goi4,
title = {{Geometry of interaction IV~: the feedback equation}},
author = {Jean-Yves Girard},
year = {2006},
booktitle = {Logic Colloquium '03},
editor = {Stoltenberg-Hansen, Väänänen},
pages = {76 -- 117},
publisher = {Association for Symbolic Logic}
}

@article{goi5,
 author = {Jean-Yves Girard},
 title = {Geometry of Interaction {V}: Logic in the hyperfinite factor},
 journal = {Theor. Comput. Sci.},
 issue_date = {April, 2011},
 volume = {412},
 number = {20},
 month = apr,
 year = {2011},
 issn = {0304-3975},
 pages = {1860--1883},
 numpages = {24},
 url = {http://dx.doi.org/10.1016/j.tcs.2010.12.016},
 doi = {10.1016/j.tcs.2010.12.016},
 acmid = {1961795},
 publisher = {Elsevier Science Publishers Ltd.},
 address = {Essex, UK},
 keywords = {Complexity theory, Light logics, Linear logic, Operator algebras, Proof-theory},
}


@Inproceedings{mellies,
	title = {Categorical Semantics of Linear Logic},
	author = {Paul-André Melliès},
	pages = {1 -- 196},
	year = {2009},
	booktitle = {Panoramas et Synthèses n\up{o}~27, «~Interactive models of computation and program behaviour~»},
	publisher = {Société Mathématique de France}
}


@Article{softll,
	title = {Soft Linear Logic and Polynomial Time},
	author = {Yves Lafont},
	year = {2004},
	journal = {Theoretical Computer Science n\up{o}~318},
	pages = {163 --180}
}



@Inproceedings{gen-consist,
	author = {Gerhard Gentzen},
	title = {The consistency of elementary number theory},
	editor = {Szabo},
	booktitle = {The collected works of Gerhard Gentzen},
	pages = {132 -- 213},
	year = {1969},
	publisher = {North-Holland}
}

@Article{llprimer,
	title = {The Linear Logic Primer},
	author = {Roberto Di Cosmo~; Vincent Danos},
	note = {notes de cours, disponibles à l'adresse \url{www.dicosmo.org/CourseNotes/LinLog/CorsoPisa.pdf}},
	year = {1996}
}

@Inproceedings{gen-new,
	author = {Gerhard Gentzen},
	title = {New version of the consistency proof for elementary number theory},
	editor = {Szabo},
	booktitle = {The collected works of Gerhard Gentzen},
	pages = {252 -- 286},
	year = {1969},
	publisher = {North-Holland}
}


@Inproceedings{kriv-real,
	author = {Jean-Louis Krivine},
	title = {Realizability in classical logic},
	year = {2009},
	booktitle = {Panoramas et Synthèses n\up{o}~27, «~Interactive models of computation and program behaviour~»},
	publisher = {Société Mathématique de France},
	pages = {197 -- 229}
}



@Article{fk-det,
	title = {Determinant theory in finite factors},
	journal = {The Annals of Mathematics},
	author = {Bent Fuglede~; Richard V. Kadison},
	note = {2(55): 520 -- 530},
	year = {1952}
}

@Article{rings,
	title = {On rings of operators},
	journal = {The Annals of Mathematics},
	author = {Francis J. Murray~; John von Neumann},
	note = {2(37): 116 -- 229},
	year = {1936}
}

@Article{pcs,
title = {On probabilistic coherence spaces},
author = {Vincent Danos; Thomas Ehrhard},
year = {2008, published on HAL - CCSD }
}

@book{quantum1,
author = {Michael A. Nielsen; Isaac L. Chuaug},
title = {Quantum Computation and Quantum Information},
year = {2000},
publisher= {Cambridge University Press}
}

@Article{sel-qpl,
title = {Towards a Quantum Programming Language},
author = {Peter Selinger},
year = {2002, {\it Mathematical Structures in Computer Science 14(4):527-586}},
}

@Article{sel-cones,
title = {Towards a semantics for higher-order quantum computation},
author = {Peter Selinger},
year = {Proc. QPL 2004, pp. 127–143},
}

@Article{sel-qcpm,
title = {Idempotents in dagger categories},
author = {Peter Selinger},
year = {Proc. QPL 2006},
}

@Article{duncan-biprod,
title = {Generalised Proof-Nets for Compact Categories with Biproducts},
author = {Ross Duncan},
year = {2009, arXiv:0903.5154v1},
}

@Article{duncan-thesis,
title = {Types for Quantum Computing},
author = {Ross Duncan},
year = {2006, PhD Thesis},
}

@INPROCEEDINGS{loader,
    author = {Ralph Loader},
    title = {Linear Logic, Totality and Full Completeness},
    booktitle = {In Proceedings of LiCS `94},
    year = {1994},
    pages = {292--298},
    publisher = {Press}
}

@article{tasson-totality,
  author    = {Christine Tasson},
  title     = {Algebraic totality, towards completeness},
  year      = {2009},
  journal        = {http://arxiv.org/abs/0912.2349},
}


@article{abr-goi,
 author = {Samson Abramsky~; Esfandiar Haghverdi~; Philip Scott},
 title = {Geometry of Interaction and linear combinatory algebras},
 journal = {Mathematical. Structures in Comp. Sci.},
 issue_date = {October 2002},
 volume = {12},
 number = {5},
 month = oct,
 year = {2002},
 issn = {0960-1295},
 pages = {625--665},
 numpages = {41},
 url = {http://dx.doi.org/10.1017/S0960129502003730},
 doi = {10.1017/S0960129502003730},
 acmid = {966845},
 publisher = {Cambridge University Press},
 address = {New York, NY, USA},
}

@INPROCEEDINGS{games,
    author = {Samson Abramsky~; Guy M\up{c}Cusker},
    title = {Game semantics},
    booktitle = {Logic and Computation~: Proceedings of the 1997 Marktoberdorf Summer School},
    year = {1998},
    publisher = {Springer-Verlag}
}

@article{sh-catmod,
  author    = {Esfandiar Haghverdi~; Philip J. Scott},
  title     = {A Categorical Model for the Geometry of Interaction},
  journal   = {ICALP 2004, SLNCS 3142, pp. 708-720},
}

@INPROCEEDINGS{JSV,
    author = {André Joyal~; Ross Street~; Dominic Verity},
    title = {Traced monoidal categories},
    booktitle = {Mathematical Proceedings of the Cambridge Philosophical Society, 119, pp.~447-468},
    year = {1996},
}

@book{maclane,
 author		= {Mac Lane, Saunders},
 title		= {Categories for the Working Mathematician},
 publisher	= {Springer-Verlag},
 series		= {Graduate Texts in Mathematics},
 number		= 5,
 year		= 1971,
 isbn		= 0387900357}
 

@PhDThesis{hag-thesis,
title = {A categorical approach to linear logic, geometry of proofs and full completeness},
author = {Esfandiar Haghverdi},
school = {University of Otawa},
year = {2000},
}

%% This BibTeX bibliography file was created using BibDesk.
%% http://bibdesk.sourceforge.net/


%% Created for Cedric Pasteur at 2011-09-29 10:19:10 +0200 


%% Saved with string encoding Unicode (UTF-8) 

@Article{signal:scp91,
  author = 	 "Albert Benveniste~; Paul Le Guernic~; Christian Jacquemot",
  title = 	 "Synchronous programming with events and relations:
		  the {SIGNAL} language and its semantics",
  journal = 	 "Science of Computer Programming",
  year = 	 "1991",
  volume = 	 "16",
  pages = 	 "103-149"
}

@Unpublished{scade:pagano-personnal-communication10,
  author = 	 {B. Pagano},
  title = 	{The optimization of iterators and updates for
                  functional arrays in SCADE~6} ,
  note = {Personal communication},
  institution = {Esterel-Technologies},
  month = 	 {June},
  year = 	 {2010}  
}


@inproceedings{Hamon:2000,
	Author = {Grégoire Hamon~; Marc Pouzet},
	Booktitle = {Proceedings of the 2nd ACM SIGPLAN international conference on Principles and practice of declarative programming},
	Date-Added = {2011-09-13 11:42:55 +0200},
	Date-Modified = {2011-09-29 10:18:26 +0200},
	Organization = {ACM},
	Pages = {289--300},
	Title = {Modular resetting of synchronous data-flow programs},
	Year = {2000}}

@mastersthesis{:,
	Date-Added = {2011-09-13 10:14:47 +0200},
	Date-Modified = {2011-09-13 10:14:47 +0200},
	Bdsk-File-1 = {YnBsaXN0MDDUAQIDBAUIJidUJHRvcFgkb2JqZWN0c1gkdmVyc2lvblkkYXJjaGl2ZXLRBgdUcm9vdIABqAkKFRYXGyIjVSRudWxs0wsMDQ4RFFpOUy5vYmplY3RzV05TLmtleXNWJGNsYXNzog8QgASABqISE4ACgAOAB1lhbGlhc0RhdGFccmVsYXRpdmVQYXRo0hgNGRpXTlMuZGF0YU8RAawAAAAAAawAAgAADE1hY2ludG9zaCBIRAAAAAAAAAAAAAAAAAAAAMmIDGFIKwAAAA+1Xg9Db2xhY28gMjAwNS5wZGYAAAAAAAAAAAAAAAAAAAAAAAAAAAAAAAAAAAAAAAAAAAAAAAAAAAAAAAAAAAAAAAAAIRw7yUvdzQAAAAAAAAAAAAYABAAACSAAAAAAAAAAAAAAAAAAAAAGcGFwZXJzABAACAAAyYf+UQAAABEACAAAyUvPvQAAAAEAFAAPtV4ABwqlAAcH/QAFrsQAAJGeAAIAR01hY2ludG9zaCBIRDpVc2VyczpjY3Bhc3RldXI6RHJvcGJveDpTYXV2ZWdhcmRlczpwYXBlcnM6Q29sYWNvIDIwMDUucGRmAAAOACAADwBDAG8AbABhAGMAbwAgADIAMAAwADUALgBwAGQAZgAPABoADABNAGEAYwBpAG4AdABvAHMAaAAgAEgARAASADpVc2Vycy9jY3Bhc3RldXIvRHJvcGJveC9TYXV2ZWdhcmRlcy9wYXBlcnMvQ29sYWNvIDIwMDUucGRmABMAAS8AABUAAgAQ//8AAIAF0hwdHh9YJGNsYXNzZXNaJGNsYXNzbmFtZaMfICFdTlNNdXRhYmxlRGF0YVZOU0RhdGFYTlNPYmplY3RfEDwuLi8uLi8uLi8uLi8uLi8uLi9Ecm9wYm94L1NhdXZlZ2FyZGVzL3BhcGVycy9Db2xhY28gMjAwNS5wZGbSHB0kJaIlIVxOU0RpY3Rpb25hcnkSAAGGoF8QD05TS2V5ZWRBcmNoaXZlcgAIABEAFgAfACgAMgA1ADoAPABFAEsAUgBdAGUAbABvAHEAcwB2AHgAegB8AIYAkwCYAKACUAJSAlcCYAJrAm8CfQKEAo0CzALRAtQC4QLmAAAAAAAAAgEAAAAAAAAAKAAAAAAAAAAAAAAAAAAAAvg=}}

@article{morel-07-jes,
	Author = {L. Morel},
	Date-Modified = {2011-09-29 10:18:46 +0200},
	Journal = {EURASIP Journal on Embedded Systems},
	Title = {{Array Iterators in Lustre: From a Language Extension to Its Exploitation in Validation}},
	Year = {2007}}

@inproceedings{lustre:plilp91,
	Address = {Passau, Germany},
	Author = {Nicolas Halbwachs~; Pascal Raymond~; Christophe Ratel},
	Booktitle = {Third International Symposium on Programming Language Implementation and Logic Programming},
	Month = {August},
	Title = {Generating Efficient Code From Data-Flow Programs},
	Year = 1991}

@manual{lucy:manual06,
	Author = {Marc Pouzet},
	Month = {April},
	Organization = {Universit\'e Paris-Sud, LRI},
	Title = {{Lucid Synchrone}, version 3. {Tutorial and reference manual}},
	Year = 2006}

@techreport{Gencod:2010,
	Author = {Adrien Guatto~; Marc Pouzet},
	Institution = {Laboratoire de Recherche en Informatique},
	Title = {{Rapport d'\'etude sur la traduction de SCADE/Lustre vers VHDL}},
	Year = {2010}}

@inproceedings{Novillo:2003,
	Author = {D. Novillo},
	Booktitle = {Proceedings of the 2003 GCC Developers' Summit},
	Date-Added = {2011-04-04 11:43:49 +0200},
	Date-Modified = {2011-04-04 11:43:52 +0200},
	Pages = {181--193},
	Title = {Tree{SSA} A new optimization infrastructure for {GCC}},
	Url = {http://people.redhat.com/dnovillo/Papers/tree-ssa-gccs03.pdf},
	Year = {2003},
	Bdsk-Url-1 = {http://people.redhat.com/dnovillo/Papers/tree-ssa-gccs03.pdf}}

@book{Hopcroft:2006,
	Address = {Boston, MA, USA},
	Author = {J. E. Hopcroft and R. Motwani and J. D. Ullman},
	Isbn = {0321455363},
	Publisher = {Addison-Wesley Longman Publishing Co., Inc.},
	Title = {Introduction to Automata Theory, Languages, and Computation (3rd Edition)},
	Year = {2006}}

@article{Chaitin:1981,
	Author = {G. J. Chaitin and M.A. Auslander and A. K. Chandra and J. Cocke and M. E. Hopkins and P. W. Markstein},
	Date-Added = {2011-03-29 18:01:33 +0200},
	Date-Modified = {2011-03-29 18:01:35 +0200},
	Doi = {DOI: 10.1016/0096-0551(81)90048-5},
	Issn = {0096-0551},
	Journal = {Computer Languages},
	Keywords = {Graph coloring},
	Number = {1},
	Pages = {47 - 57},
	Title = {Register allocation via coloring},
	Url = {http://www.sciencedirect.com/science/article/B6TYK-48V1WXD-1S/2/4d1760365aca10db3f7fc10d8a263ea8},
	Volume = {6},
	Year = {1981},
	Bdsk-Url-1 = {http://www.sciencedirect.com/science/article/B6TYK-48V1WXD-1S/2/4d1760365aca10db3f7fc10d8a263ea8},
	Bdsk-Url-2 = {http://dx.doi.org/10.1016/0096-0551(81)90048-5}}

@inproceedings{goodman88,
	Address = {New York, NY, USA},
	Author = {J. R. Goodman and W.-C. Hsu},
	Booktitle = {ICS '88: Proceedings of the 2nd international conference on Supercomputing},
	Date-Added = {2011-03-25 16:17:38 +0100},
	Date-Modified = {2011-03-25 16:17:38 +0100},
	Doi = {http://doi.acm.org/10.1145/55364.55407},
	Isbn = {0-89791-272-1},
	Location = {St. Malo, France},
	Pages = {442--452},
	Publisher = {ACM},
	Title = {Code scheduling and register allocation in large basic blocks},
	Url = {http://portal.acm.org/ft_gateway.cfm?id=55407&type=pdf&coll=GUIDE&dl=GUIDE&CFID=88763748&CFTOKEN=14376716},
	Year = {1988},
	Bdsk-File-1 = {YnBsaXN0MDDUAQIDBAUIJidUJHRvcFgkb2JqZWN0c1gkdmVyc2lvblkkYXJjaGl2ZXLRBgdUcm9vdIABqAkKFRYXGyIjVSRudWxs0wsMDQ4RFFpOUy5vYmplY3RzV05TLmtleXNWJGNsYXNzog8QgASABqISE4ACgAOAB1lhbGlhc0RhdGFccmVsYXRpdmVQYXRo0hgNGRpXTlMuZGF0YU8RAdYAAAAAAdYAAgAADE1hY2ludG9zaCBIRAAAAAAAAAAAAAAAAAAAAMmIDGFIKwAAABGEzw1JQ1M4OF9Ic3UucGRmAAAAAAAAAAAAAAAAAAAAAAAAAAAAAAAAAAAAAAAAAAAAAAAAAAAAAAAAAAAAAAAAAAAAEdlFyUvepAAAAAAAAAAAAAYABgAACSAAAAAAAAAAAAAAAAAAAAALY29tcGlsYXRpb24AABAACAAAyYf+UQAAABEACAAAyUvQlAAAAAEAHAARhM8AEYM8ABGB9QAHCqUABwf9AAWuxAAAkZ4AAgBXTWFjaW50b3NoIEhEOlVzZXJzOmNjcGFzdGV1cjpEcm9wYm94OlNhdXZlZ2FyZGVzOnN0YWdlOmJpYmxpbzpjb21waWxhdGlvbjpJQ1M4OF9Ic3UucGRmAAAOABwADQBJAEMAUwA4ADgAXwBIAHMAdQAuAHAAZABmAA8AGgAMAE0AYQBjAGkAbgB0AG8AcwBoACAASABEABIASlVzZXJzL2NjcGFzdGV1ci9Ecm9wYm94L1NhdXZlZ2FyZGVzL3N0YWdlL2JpYmxpby9jb21waWxhdGlvbi9JQ1M4OF9Ic3UucGRmABMAAS8AABUAAgAQ//8AAIAF0hwdHh9YJGNsYXNzZXNaJGNsYXNzbmFtZaMfICFdTlNNdXRhYmxlRGF0YVZOU0RhdGFYTlNPYmplY3RfEEwuLi8uLi8uLi8uLi8uLi8uLi9Ecm9wYm94L1NhdXZlZ2FyZGVzL3N0YWdlL2JpYmxpby9jb21waWxhdGlvbi9JQ1M4OF9Ic3UucGRm0hwdJCWiJSFcTlNEaWN0aW9uYXJ5EgABhqBfEA9OU0tleWVkQXJjaGl2ZXIACAARABYAHwAoADIANQA6ADwARQBLAFIAXQBlAGwAbwBxAHMAdgB4AHoAfACGAJMAmACgAnoCfAKBAooClQKZAqcCrgK3AwYDCwMOAxsDIAAAAAAAAAIBAAAAAAAAACgAAAAAAAAAAAAAAAAAAAMy},
	Bdsk-Url-1 = {http://portal.acm.org/ft_gateway.cfm?id=55407&type=pdf&coll=GUIDE&dl=GUIDE&CFID=88763748&CFTOKEN=14376716},
	Bdsk-Url-2 = {http://doi.acm.org/10.1145/55364.55407}}

@inproceedings{colaco04,
	Address = {New York, NY, USA},
	Author = {J.-L. Cola\c{c}o and A. Girault and G. Hamon and M. Pouzet},
	Booktitle = {EMSOFT '04: Proceedings of the 4th ACM international conference on Embedded software},
	Date-Added = {2011-03-24 11:28:47 +0100},
	Date-Modified = {2011-03-24 11:28:47 +0100},
	Doi = {http://doi.acm.org/10.1145/1017753.1017792},
	Isbn = {1-58113-860-1},
	Location = {Pisa, Italy},
	Pages = {230--239},
	Publisher = {ACM},
	Title = {Towards a higher-order synchronous data-flow language},
	Url = {http://portal.acm.org/ft_gateway.cfm?id=1017792&type=pdf&coll=Portal&dl=GUIDE&CFID=81343548&CFTOKEN=66553427},
	Year = {2004},
	Bdsk-File-1 = {YnBsaXN0MDDUAQIDBAUIJidUJHRvcFgkb2JqZWN0c1gkdmVyc2lvblkkYXJjaGl2ZXLRBgdUcm9vdIABqAkKFRYXGyIjVSRudWxs0wsMDQ4RFFpOUy5vYmplY3RzV05TLmtleXNWJGNsYXNzog8QgASABqISE4ACgAOAB1lhbGlhc0RhdGFccmVsYXRpdmVQYXRo0hgNGRpXTlMuZGF0YU8RAagAAAAAAagAAgAADE1hY2ludG9zaCBIRAAAAAAAAAAAAAAAAAAAAMT6VwlIKwAAAR/BvgxlbXNvZnQwNC5wZGYAAAAAAAAAAAAAAAAAAAAAAAAAAAAAAAAAAAAAAAAAAAAAAAAAAAAAAAAAAAAAAAAAAAABLc5gxDtftQAAAAAAAAAAAAEAAwAACSAAAAAAAAAAAAAAAAAAAAAGbHVzdHJlABAACAAAxPo66QAAABEACAAAxDtDlQAAAAEAGAEfwb4BH8G8AR/BugAKStAACkq5AAB72AACAEZNYWNpbnRvc2ggSEQ6VXNlcnM6Y2NwYXN0ZXVyOkRvY3VtZW50czp3b3JrOmJpYmxpbzpsdXN0cmU6ZW1zb2Z0MDQucGRmAA4AGgAMAGUAbQBzAG8AZgB0ADAANAAuAHAAZABmAA8AGgAMAE0AYQBjAGkAbgB0AG8AcwBoACAASABEABIAOVVzZXJzL2NjcGFzdGV1ci9Eb2N1bWVudHMvd29yay9iaWJsaW8vbHVzdHJlL2Vtc29mdDA0LnBkZgAAEwABLwAAFQACABD//wAAgAXSHB0eH1gkY2xhc3Nlc1okY2xhc3NuYW1lox8gIV1OU011dGFibGVEYXRhVk5TRGF0YVhOU09iamVjdF8QE2x1c3RyZS9lbXNvZnQwNC5wZGbSHB0kJaIlIVxOU0RpY3Rpb25hcnkSAAGGoF8QD05TS2V5ZWRBcmNoaXZlcgAIABEAFgAfACgAMgA1ADoAPABFAEsAUgBdAGUAbABvAHEAcwB2AHgAegB8AIYAkwCYAKACTAJOAlMCXAJnAmsCeQKAAokCnwKkAqcCtAK5AAAAAAAAAgEAAAAAAAAAKAAAAAAAAAAAAAAAAAAAAss=},
	Bdsk-Url-1 = {http://portal.acm.org/ft_gateway.cfm?id=1017792&type=pdf&coll=Portal&dl=GUIDE&CFID=81343548&CFTOKEN=66553427},
	Bdsk-Url-2 = {http://doi.acm.org/10.1145/1017753.1017792}}

@article{halb91,
	Author = {N. Halbwachs},
	Date-Added = {2011-03-22 14:29:12 +0100},
	Date-Modified = {2011-03-22 14:29:12 +0100},
	Journal = {Lecture Notes in Computer Science},
	Title = {Generating Efficient Code From Data Flow Programs},
	Year = {1991},
	Bdsk-File-1 = {YnBsaXN0MDDUAQIDBAUIJidUJHRvcFgkb2JqZWN0c1gkdmVyc2lvblkkYXJjaGl2ZXLRBgdUcm9vdIABqAkKFRYXGyIjVSRudWxs0wsMDQ4RFFpOUy5vYmplY3RzV05TLmtleXNWJGNsYXNzog8QgASABqISE4ACgAOAB1lhbGlhc0RhdGFccmVsYXRpdmVQYXRo0hgNGRpXTlMuZGF0YU8RAeoAAAAAAeoAAgAADE1hY2ludG9zaCBIRAAAAAAAAAAAAAAAAAAAAMmIDGFIKwAAABGEyRZsdXN0cmUgY29tcGlsYXRpb24ucGRmAAAAAAAAAAAAAAAAAAAAAAAAAAAAAAAAAAAAAAAAAAAAAAAAAAAAAAAAEcx1yUvepgAAAAAAAAAAAAYABgAACSAAAAAAAAAAAAAAAAAAAAAGbHVzdHJlABAACAAAyYf+UQAAABEACAAAyUvQlgAAAAEAHAARhMkAEYM8ABGB9QAHCqUABwf9AAWuxAAAkZ4AAgBbTWFjaW50b3NoIEhEOlVzZXJzOmNjcGFzdGV1cjpEcm9wYm94OlNhdXZlZ2FyZGVzOnN0YWdlOmJpYmxpbzpsdXN0cmU6bHVzdHJlIGNvbXBpbGF0aW9uLnBkZgAADgAuABYAbAB1AHMAdAByAGUAIABjAG8AbQBwAGkAbABhAHQAaQBvAG4ALgBwAGQAZgAPABoADABNAGEAYwBpAG4AdABvAHMAaAAgAEgARAASAE5Vc2Vycy9jY3Bhc3RldXIvRHJvcGJveC9TYXV2ZWdhcmRlcy9zdGFnZS9iaWJsaW8vbHVzdHJlL2x1c3RyZSBjb21waWxhdGlvbi5wZGYAEwABLwAAFQACABD//wAAgAXSHB0eH1gkY2xhc3Nlc1okY2xhc3NuYW1lox8gIV1OU011dGFibGVEYXRhVk5TRGF0YVhOU09iamVjdF8QUC4uLy4uLy4uLy4uLy4uLy4uL0Ryb3Bib3gvU2F1dmVnYXJkZXMvc3RhZ2UvYmlibGlvL2x1c3RyZS9sdXN0cmUgY29tcGlsYXRpb24ucGRm0hwdJCWiJSFcTlNEaWN0aW9uYXJ5EgABhqBfEA9OU0tleWVkQXJjaGl2ZXIACAARABYAHwAoADIANQA6ADwARQBLAFIAXQBlAGwAbwBxAHMAdgB4AHoAfACGAJMAmACgAo4CkAKVAp4CqQKtArsCwgLLAx4DIwMmAzMDOAAAAAAAAAIBAAAAAAAAACgAAAAAAAAAAAAAAAAAAANK}}

@inproceedings{12years,
	Author = {Albert Benveniste~; Paul Caspi~; Stephen A. Edwards~; Nicolas Halbwachs and Paul Le Guernic and Robert De Simone},
	Booktitle = {Proceedings of the IEEE},
	Date-Added = {2011-03-22 13:59:30 +0100},
	Date-Modified = {2011-03-22 13:59:30 +0100},
	Pages = {64--83},
	Title = {The synchronous languages twelve years later},
	Year = {2003},
	Bdsk-File-1 = {YnBsaXN0MDDUAQIDBAUIJidUJHRvcFgkb2JqZWN0c1gkdmVyc2lvblkkYXJjaGl2ZXLRBgdUcm9vdIABqAkKFRYXGyIjVSRudWxs0wsMDQ4RFFpOUy5vYmplY3RzV05TLmtleXNWJGNsYXNzog8QgASABqISE4ACgAOAB1lhbGlhc0RhdGFccmVsYXRpdmVQYXRo0hgNGRpXTlMuZGF0YU8RAcAAAAAAAcAAAgAADE1hY2ludG9zaCBIRAAAAAAAAAAAAAAAAAAAAMT6VwlIKwAAAR/BvhIxMiB5ZWFycyBsYXRlci5wZGYAAAAAAAAAAAAAAAAAAAAAAAAAAAAAAAAAAAAAAAAAAAAAAAAAAAAAAAAAAAABowsqyJQ10gAAAAAAAAAAAAEAAwAACSAAAAAAAAAAAAAAAAAAAAAGbHVzdHJlABAACAAAxPo66QAAABEACAAAyJQZsgAAAAEAGAEfwb4BH8G8AR/BugAKStAACkq5AAB72AACAExNYWNpbnRvc2ggSEQ6VXNlcnM6Y2NwYXN0ZXVyOkRvY3VtZW50czp3b3JrOmJpYmxpbzpsdXN0cmU6MTIgeWVhcnMgbGF0ZXIucGRmAA4AJgASADEAMgAgAHkAZQBhAHIAcwAgAGwAYQB0AGUAcgAuAHAAZABmAA8AGgAMAE0AYQBjAGkAbgB0AG8AcwBoACAASABEABIAP1VzZXJzL2NjcGFzdGV1ci9Eb2N1bWVudHMvd29yay9iaWJsaW8vbHVzdHJlLzEyIHllYXJzIGxhdGVyLnBkZgAAEwABLwAAFQACABD//wAAgAXSHB0eH1gkY2xhc3Nlc1okY2xhc3NuYW1lox8gIV1OU011dGFibGVEYXRhVk5TRGF0YVhOU09iamVjdF8QGWx1c3RyZS8xMiB5ZWFycyBsYXRlci5wZGbSHB0kJaIlIVxOU0RpY3Rpb25hcnkSAAGGoF8QD05TS2V5ZWRBcmNoaXZlcgAIABEAFgAfACgAMgA1ADoAPABFAEsAUgBdAGUAbABvAHEAcwB2AHgAegB8AIYAkwCYAKACZAJmAmsCdAJ/AoMCkQKYAqECvQLCAsUC0gLXAAAAAAAAAgEAAAAAAAAAKAAAAAAAAAAAAAAAAAAAAuk=}}

@inproceedings{tasks09,
	Address = {Berlin, Heidelberg},
	Author = {S. Abu-Mahmeed and C. Mccosh and Z. Budimli\'{c} and K. Kennedy and K. Ravindran and K. Hogan and P. Austin and S. Rogers and J. Kornerup},
	Booktitle = {CC '09: Proceedings of the 18th International Conference on Compiler Construction},
	Date-Added = {2011-03-22 10:31:53 +0100},
	Date-Modified = {2011-03-22 10:31:53 +0100},
	Doi = {http://dx.doi.org/10.1007/978-3-642-00722-4_15},
	Isbn = {978-3-642-00721-7},
	Location = {York, UK},
	Pages = {204--219},
	Publisher = {Springer-Verlag},
	Title = {Scheduling Tasks to Maximize Usage of Aggregate Variables in Place},
	Year = {2009},
	Bdsk-File-1 = {YnBsaXN0MDDUAQIDBAUIJidUJHRvcFgkb2JqZWN0c1gkdmVyc2lvblkkYXJjaGl2ZXLRBgdUcm9vdIABqAkKFRYXGyIjVSRudWxs0wsMDQ4RFFpOUy5vYmplY3RzV05TLmtleXNWJGNsYXNzog8QgASABqISE4ACgAOAB1lhbGlhc0RhdGFccmVsYXRpdmVQYXRo0hgNGRpXTlMuZGF0YU8RAb4AAAAAAb4AAgAADE1hY2ludG9zaCBIRAAAAAAAAAAAAAAAAAAAAMmIDGFIKwAAABGEygtsYWJ2aWV3LnBkZgAAAAAAAAAAAAAAAAAAAAAAAAAAAAAAAAAAAAAAAAAAAAAAAAAAAAAAAAAAAAAAAAAAAAAAEdS4yUveowAAAAAAAAAAAAYABgAACSAAAAAAAAAAAAAAAAAAAAAGYXV0cmVzABAACAAAyYf+UQAAABEACAAAyUvQkwAAAAEAHAARhMoAEYM8ABGB9QAHCqUABwf9AAWuxAAAkZ4AAgBQTWFjaW50b3NoIEhEOlVzZXJzOmNjcGFzdGV1cjpEcm9wYm94OlNhdXZlZ2FyZGVzOnN0YWdlOmJpYmxpbzphdXRyZXM6bGFidmlldy5wZGYADgAYAAsAbABhAGIAdgBpAGUAdwAuAHAAZABmAA8AGgAMAE0AYQBjAGkAbgB0AG8AcwBoACAASABEABIAQ1VzZXJzL2NjcGFzdGV1ci9Ecm9wYm94L1NhdXZlZ2FyZGVzL3N0YWdlL2JpYmxpby9hdXRyZXMvbGFidmlldy5wZGYAABMAAS8AABUAAgAQ//8AAIAF0hwdHh9YJGNsYXNzZXNaJGNsYXNzbmFtZaMfICFdTlNNdXRhYmxlRGF0YVZOU0RhdGFYTlNPYmplY3RfEEUuLi8uLi8uLi8uLi8uLi8uLi9Ecm9wYm94L1NhdXZlZ2FyZGVzL3N0YWdlL2JpYmxpby9hdXRyZXMvbGFidmlldy5wZGbSHB0kJaIlIVxOU0RpY3Rpb25hcnkSAAGGoF8QD05TS2V5ZWRBcmNoaXZlcgAIABEAFgAfACgAMgA1ADoAPABFAEsAUgBdAGUAbABvAHEAcwB2AHgAegB8AIYAkwCYAKACYgJkAmkCcgJ9AoECjwKWAp8C5wLsAu8C/AMBAAAAAAAAAgEAAAAAAAAAKAAAAAAAAAAAAAAAAAAAAxM=}}

@conference{wadler90,
	Abstract = {The linear logic of J.-Y. Girard suggests a new type system for functional
languages, one which supports operations that \&quot;change the world\&quot;. Values belonging
to a linear type must be used exactly once: like the world, they cannot be
duplicated or destroyed. Such values require no reference counting or garbage collection,
and safely admit destructive array update. Linear types extend Schmidt's
notion of single threading; provide an alternative to Hudak and Bloss' update
analysis; and offer a...},
	Author = {P. Wadler},
	Booktitle = {IFIP TC 2 Working Conference on Programming Concepts and Methods, Sea of Galilee, Israel},
	Date-Added = {2011-03-22 10:30:43 +0100},
	Date-Modified = {2011-03-22 10:30:43 +0100},
	Keywords = {linear-types, linearity, types},
	Pages = {347--359},
	Posted-At = {2005-03-23 02:01:02},
	Priority = {4},
	Publisher = {North Holland},
	Title = {Linear types can change the world!},
	Url = {http://citeseerx.ist.psu.edu/viewdoc/summary?doi=10.1.1.55.5439},
	Year = {1990},
	Bdsk-File-1 = {YnBsaXN0MDDUAQIDBAUIJidUJHRvcFgkb2JqZWN0c1gkdmVyc2lvblkkYXJjaGl2ZXLRBgdUcm9vdIABqAkKFRYXGyIjVSRudWxs0wsMDQ4RFFpOUy5vYmplY3RzV05TLmtleXNWJGNsYXNzog8QgASABqISE4ACgAOAB1lhbGlhc0RhdGFccmVsYXRpdmVQYXRo0hgNGRpXTlMuZGF0YU8RAg4AAAAAAg4AAgAADE1hY2ludG9zaCBIRAAAAAAAAAAAAAAAAAAAAMmIDGFIKwAAABGEzhxsaW5lYXItdHlwZS1jaGFuZ2Utd29ybGQucGRmAAAAAAAAAAAAAAAAAAAAAAAAAAAAAAAAAAAAAAAAAAAAAAAAEcs/yUvepQAAAAAAAAAAAAYABgAACSAAAAAAAAAAAAAAAAAAAAAKZnVuY3Rpb25hbAAQAAgAAMmH/lEAAAARAAgAAMlL0JUAAAABABwAEYTOABGDPAARgfUABwqlAAcH/QAFrsQAAJGeAAIAZU1hY2ludG9zaCBIRDpVc2VyczpjY3Bhc3RldXI6RHJvcGJveDpTYXV2ZWdhcmRlczpzdGFnZTpiaWJsaW86ZnVuY3Rpb25hbDpsaW5lYXItdHlwZS1jaGFuZ2Utd29ybGQucGRmAAAOADoAHABsAGkAbgBlAGEAcgAtAHQAeQBwAGUALQBjAGgAYQBuAGcAZQAtAHcAbwByAGwAZAAuAHAAZABmAA8AGgAMAE0AYQBjAGkAbgB0AG8AcwBoACAASABEABIAWFVzZXJzL2NjcGFzdGV1ci9Ecm9wYm94L1NhdXZlZ2FyZGVzL3N0YWdlL2JpYmxpby9mdW5jdGlvbmFsL2xpbmVhci10eXBlLWNoYW5nZS13b3JsZC5wZGYAEwABLwAAFQACABD//wAAgAXSHB0eH1gkY2xhc3Nlc1okY2xhc3NuYW1lox8gIV1OU011dGFibGVEYXRhVk5TRGF0YVhOU09iamVjdF8QWi4uLy4uLy4uLy4uLy4uLy4uL0Ryb3Bib3gvU2F1dmVnYXJkZXMvc3RhZ2UvYmlibGlvL2Z1bmN0aW9uYWwvbGluZWFyLXR5cGUtY2hhbmdlLXdvcmxkLnBkZtIcHSQloiUhXE5TRGljdGlvbmFyeRIAAYagXxAPTlNLZXllZEFyY2hpdmVyAAgAEQAWAB8AKAAyADUAOgA8AEUASwBSAF0AZQBsAG8AcQBzAHYAeAB6AHwAhgCTAJgAoAKyArQCuQLCAs0C0QLfAuYC7wNMA1EDVANhA2YAAAAAAAACAQAAAAAAAAAoAAAAAAAAAAAAAAAAAAADeA==}}

@article{Vries08,
	Abstract = {We present a uniqueness type system that is simpler than both Clean's uniqueness system and a system we proposed previously. The new type system is straightforward to implement and add to existing compilers, and can easily be extended with advanced features such as higher rank types and impredicativity. We describe our implementation in Morrow, an experimental functional language with both these features. Finally, we prove soundness of the core type system with respect to the call-by-need lambda calculus. },
	Author = {E. de Vries and R. Plasmeijer and D. Abrahamson},
	Date-Added = {2011-03-22 10:30:34 +0100},
	Date-Modified = {2011-03-22 10:30:34 +0100},
	Journal = {Implementation and Application of Functional Languages},
	Pages = {201--218},
	Title = {Uniqueness Typing Simplified},
	Url = {http://dx.doi.org/10.1007/978-3-540-85373-2_12},
	Year = {2008},
	Bdsk-File-1 = {YnBsaXN0MDDUAQIDBAUIJidUJHRvcFgkb2JqZWN0c1gkdmVyc2lvblkkYXJjaGl2ZXLRBgdUcm9vdIABqAkKFRYXGyIjVSRudWxs0wsMDQ4RFFpOUy5vYmplY3RzV05TLmtleXNWJGNsYXNzog8QgASABqISE4ACgAOAB1lhbGlhc0RhdGFccmVsYXRpdmVQYXRo0hgNGRpXTlMuZGF0YU8RAdoAAAAAAdoAAgAADE1hY2ludG9zaCBIRAAAAAAAAAAAAAAAAAAAAMmIDGFIKwAAABGEzg9pZmwwNy1wYXBlci5wZGYAAAAAAAAAAAAAAAAAAAAAAAAAAAAAAAAAAAAAAAAAAAAAAAAAAAAAAAAAAAAAAAAAEcrsyUvepQAAAAAAAAAAAAYABgAACSAAAAAAAAAAAAAAAAAAAAAKZnVuY3Rpb25hbAAQAAgAAMmH/lEAAAARAAgAAMlL0JUAAAABABwAEYTOABGDPAARgfUABwqlAAcH/QAFrsQAAJGeAAIAWE1hY2ludG9zaCBIRDpVc2VyczpjY3Bhc3RldXI6RHJvcGJveDpTYXV2ZWdhcmRlczpzdGFnZTpiaWJsaW86ZnVuY3Rpb25hbDppZmwwNy1wYXBlci5wZGYADgAgAA8AaQBmAGwAMAA3AC0AcABhAHAAZQByAC4AcABkAGYADwAaAAwATQBhAGMAaQBuAHQAbwBzAGgAIABIAEQAEgBLVXNlcnMvY2NwYXN0ZXVyL0Ryb3Bib3gvU2F1dmVnYXJkZXMvc3RhZ2UvYmlibGlvL2Z1bmN0aW9uYWwvaWZsMDctcGFwZXIucGRmAAATAAEvAAAVAAIAEP//AACABdIcHR4fWCRjbGFzc2VzWiRjbGFzc25hbWWjHyAhXU5TTXV0YWJsZURhdGFWTlNEYXRhWE5TT2JqZWN0XxBNLi4vLi4vLi4vLi4vLi4vLi4vRHJvcGJveC9TYXV2ZWdhcmRlcy9zdGFnZS9iaWJsaW8vZnVuY3Rpb25hbC9pZmwwNy1wYXBlci5wZGbSHB0kJaIlIVxOU0RpY3Rpb25hcnkSAAGGoF8QD05TS2V5ZWRBcmNoaXZlcgAIABEAFgAfACgAMgA1ADoAPABFAEsAUgBdAGUAbABvAHEAcwB2AHgAegB8AIYAkwCYAKACfgKAAoUCjgKZAp0CqwKyArsDCwMQAxMDIAMlAAAAAAAAAgEAAAAAAAAAKAAAAAAAAAAAAAAAAAAAAzc=},
	Bdsk-Url-1 = {http://dx.doi.org/10.1007/978-3-540-85373-2_12}}

@inproceedings{barendsen95,
	Address = {London, UK},
	Author = {E. Barendsen and S. Smetsers},
	Booktitle = {PLILPS '95: Proceedings of the 7th International Symposium on Programming Languages: Implementations, Logics and Programs},
	Date-Added = {2011-03-22 10:30:27 +0100},
	Date-Modified = {2011-03-22 10:30:27 +0100},
	Isbn = {3-540-60359-X},
	Pages = {189--206},
	Publisher = {Springer-Verlag},
	Title = {Uniqueness Type Inference},
	Year = {1995},
	Bdsk-File-1 = {YnBsaXN0MDDUAQIDBAUIJidUJHRvcFgkb2JqZWN0c1gkdmVyc2lvblkkYXJjaGl2ZXLRBgdUcm9vdIABqAkKFRYXGyIjVSRudWxs0wsMDQ4RFFpOUy5vYmplY3RzV05TLmtleXNWJGNsYXNzog8QgASABqISE4ACgAOAB1lhbGlhc0RhdGFccmVsYXRpdmVQYXRo0hgNGRpXTlMuZGF0YU8RAc4AAAAAAc4AAgAADE1hY2ludG9zaCBIRAAAAAAAAAAAAAAAAAAAAMmIDGFIKwAAABGExw9iYXJlbmRzZW45NS5wZGYAAAAAAAAAAAAAAAAAAAAAAAAAAAAAAAAAAAAAAAAAAAAAAAAAAAAAAAAAAAAAAAAAEdjryUvepgAAAAAAAAAAAAYABgAACSAAAAAAAAAAAAAAAAAAAAAGbGluZWFyABAACAAAyYf+UQAAABEACAAAyUvQlgAAAAEAHAARhMcAEYM8ABGB9QAHCqUABwf9AAWuxAAAkZ4AAgBUTWFjaW50b3NoIEhEOlVzZXJzOmNjcGFzdGV1cjpEcm9wYm94OlNhdXZlZ2FyZGVzOnN0YWdlOmJpYmxpbzpsaW5lYXI6YmFyZW5kc2VuOTUucGRmAA4AIAAPAGIAYQByAGUAbgBkAHMAZQBuADkANQAuAHAAZABmAA8AGgAMAE0AYQBjAGkAbgB0AG8AcwBoACAASABEABIAR1VzZXJzL2NjcGFzdGV1ci9Ecm9wYm94L1NhdXZlZ2FyZGVzL3N0YWdlL2JpYmxpby9saW5lYXIvYmFyZW5kc2VuOTUucGRmAAATAAEvAAAVAAIAEP//AACABdIcHR4fWCRjbGFzc2VzWiRjbGFzc25hbWWjHyAhXU5TTXV0YWJsZURhdGFWTlNEYXRhWE5TT2JqZWN0XxBJLi4vLi4vLi4vLi4vLi4vLi4vRHJvcGJveC9TYXV2ZWdhcmRlcy9zdGFnZS9iaWJsaW8vbGluZWFyL2JhcmVuZHNlbjk1LnBkZtIcHSQloiUhXE5TRGljdGlvbmFyeRIAAYagXxAPTlNLZXllZEFyY2hpdmVyAAgAEQAWAB8AKAAyADUAOgA8AEUASwBSAF0AZQBsAG8AcQBzAHYAeAB6AHwAhgCTAJgAoAJyAnQCeQKCAo0CkQKfAqYCrwL7AwADAwMQAxUAAAAAAAACAQAAAAAAAAAoAAAAAAAAAAAAAAAAAAADJw==}}

@article{girard,
	Address = {Essex, UK},
	Author = {J.-Y. Girard},
	Date-Added = {2011-03-22 10:24:07 +0100},
	Date-Modified = {2011-09-29 10:19:10 +0200},
	Doi = {http://dx.doi.org/10.1016/0304-3975(87)90045-4},
	Issn = {0304-3975},
	Journal = {Theoretical computer science},
	Number = {1},
	Pages = {1--102},
	Publisher = {Elsevier Science Publishers Ltd.},
	Title = {Linear logic},
	Volume = {50},
	Year = {1987},
	Bdsk-Url-1 = {http://dx.doi.org/10.1016/0304-3975(87)90045-4}}

@inproceedings{glp93,
	Address = {New York, NY, USA},
	Author = {A. Gill and J. Launchbury and S. L. Peyton Jones},
	Booktitle = {FPCA '93: Proceedings of the conference on Functional programming languages and computer architecture},
	Date-Added = {2011-03-22 10:16:50 +0100},
	Date-Modified = {2011-03-22 10:16:50 +0100},
	Doi = {http://doi.acm.org/10.1145/165180.165214},
	Isbn = {0-89791-595-X},
	Location = {Copenhagen, Denmark},
	Pages = {223--232},
	Publisher = {ACM},
	Title = {A short cut to deforestation},
	Year = {1993},
	Bdsk-File-1 = {YnBsaXN0MDDUAQIDBAUIJidUJHRvcFgkb2JqZWN0c1gkdmVyc2lvblkkYXJjaGl2ZXLRBgdUcm9vdIABqAkKFRYXGyIjVSRudWxs0wsMDQ4RFFpOUy5vYmplY3RzV05TLmtleXNWJGNsYXNzog8QgASABqISE4ACgAOAB1lhbGlhc0RhdGFccmVsYXRpdmVQYXRo0hgNGRpXTlMuZGF0YU8RAcIAAAAAAcIAAgAADE1hY2ludG9zaCBIRAAAAAAAAAAAAAAAAAAAAMmIDGFIKwAAABGEzglnbHA5My5wZGYAAAAAAAAAAAAAAAAAAAAAAAAAAAAAAAAAAAAAAAAAAAAAAAAAAAAAAAAAAAAAAAAAAAAAAAAAEcryyUvepQAAAAAAAAAAAAYABgAACSAAAAAAAAAAAAAAAAAAAAAKZnVuY3Rpb25hbAAQAAgAAMmH/lEAAAARAAgAAMlL0JUAAAABABwAEYTOABGDPAARgfUABwqlAAcH/QAFrsQAAJGeAAIAUk1hY2ludG9zaCBIRDpVc2VyczpjY3Bhc3RldXI6RHJvcGJveDpTYXV2ZWdhcmRlczpzdGFnZTpiaWJsaW86ZnVuY3Rpb25hbDpnbHA5My5wZGYADgAUAAkAZwBsAHAAOQAzAC4AcABkAGYADwAaAAwATQBhAGMAaQBuAHQAbwBzAGgAIABIAEQAEgBFVXNlcnMvY2NwYXN0ZXVyL0Ryb3Bib3gvU2F1dmVnYXJkZXMvc3RhZ2UvYmlibGlvL2Z1bmN0aW9uYWwvZ2xwOTMucGRmAAATAAEvAAAVAAIAEP//AACABdIcHR4fWCRjbGFzc2VzWiRjbGFzc25hbWWjHyAhXU5TTXV0YWJsZURhdGFWTlNEYXRhWE5TT2JqZWN0XxBHLi4vLi4vLi4vLi4vLi4vLi4vRHJvcGJveC9TYXV2ZWdhcmRlcy9zdGFnZS9iaWJsaW8vZnVuY3Rpb25hbC9nbHA5My5wZGbSHB0kJaIlIVxOU0RpY3Rpb25hcnkSAAGGoF8QD05TS2V5ZWRBcmNoaXZlcgAIABEAFgAfACgAMgA1ADoAPABFAEsAUgBdAGUAbABvAHEAcwB2AHgAegB8AIYAkwCYAKACZgJoAm0CdgKBAoUCkwKaAqMC7QLyAvUDAgMHAAAAAAAAAgEAAAAAAAAAKAAAAAAAAAAAAAAAAAAAAxk=},
	Bdsk-Url-1 = {http://doi.acm.org/10.1145/165180.165214}}

@inproceedings{walder88,
	Address = {Amsterdam, The Netherlands},
	Author = {P. Wadler},
	Booktitle = {Proceedings of the Second European Symposium on Programming},
	Date-Added = {2011-03-22 10:16:40 +0100},
	Date-Modified = {2011-03-22 10:16:40 +0100},
	Doi = {http://dx.doi.org/10.1016/0304-3975(90)90147-A},
	Location = {Nancy, France},
	Pages = {231--248},
	Publisher = {North-Holland Publishing Co.},
	Read = {Oui},
	Title = {Deforestation: transforming programs to eliminate trees},
	Year = {1988},
	Bdsk-File-1 = {YnBsaXN0MDDUAQIDBAUIJidUJHRvcFgkb2JqZWN0c1gkdmVyc2lvblkkYXJjaGl2ZXLRBgdUcm9vdIABqAkKFRYXGyIjVSRudWxs0wsMDQ4RFFpOUy5vYmplY3RzV05TLmtleXNWJGNsYXNzog8QgASABqISE4ACgAOAB1lhbGlhc0RhdGFccmVsYXRpdmVQYXRo0hgNGRpXTlMuZGF0YU8RAlIAAAAAAlIAAgAADE1hY2ludG9zaCBIRAAAAAAAAAAAAAAAAAAAAMmIDGFIKwAAABGEzh9kZWZvcmVzdGF0aW9uX190cmFucyMxMUM5N0MucGRmAAAAAAAAAAAAAAAAAAAAAAAAAAAAAAAAAAAAAAAAAAAAEcl8yUvepAAAAAAAAAAAAAYABgAACSAAAAAAAAAAAAAAAAAAAAAKZnVuY3Rpb25hbAAQAAgAAMmH/lEAAAARAAgAAMlL0JQAAAABABwAEYTOABGDPAARgfUABwqlAAcH/QAFrsQAAJGeAAIAaE1hY2ludG9zaCBIRDpVc2VyczpjY3Bhc3RldXI6RHJvcGJveDpTYXV2ZWdhcmRlczpzdGFnZTpiaWJsaW86ZnVuY3Rpb25hbDpkZWZvcmVzdGF0aW9uX190cmFucyMxMUM5N0MucGRmAA4AZgAyAGQAZQBmAG8AcgBlAHMAdABhAHQAaQBvAG4AXwBfAHQAcgBhAG4AcwBmAG8AcgBtAGkAbgBnAF8AcAByAG8AZwByAGEAbQBzAF8AdABvAF8AXwA4ADcAMwA5ADYALgBwAGQAZgAPABoADABNAGEAYwBpAG4AdABvAHMAaAAgAEgARAASAG5Vc2Vycy9jY3Bhc3RldXIvRHJvcGJveC9TYXV2ZWdhcmRlcy9zdGFnZS9iaWJsaW8vZnVuY3Rpb25hbC9kZWZvcmVzdGF0aW9uX190cmFuc2Zvcm1pbmdfcHJvZ3JhbXNfdG9fXzg3Mzk2LnBkZgATAAEvAAAVAAIAEP//AACABdIcHR4fWCRjbGFzc2VzWiRjbGFzc25hbWWjHyAhXU5TTXV0YWJsZURhdGFWTlNEYXRhWE5TT2JqZWN0XxBwLi4vLi4vLi4vLi4vLi4vLi4vRHJvcGJveC9TYXV2ZWdhcmRlcy9zdGFnZS9iaWJsaW8vZnVuY3Rpb25hbC9kZWZvcmVzdGF0aW9uX190cmFuc2Zvcm1pbmdfcHJvZ3JhbXNfdG9fXzg3Mzk2LnBkZtIcHSQloiUhXE5TRGljdGlvbmFyeRIAAYagXxAPTlNLZXllZEFyY2hpdmVyAAgAEQAWAB8AKAAyADUAOgA8AEUASwBSAF0AZQBsAG8AcQBzAHYAeAB6AHwAhgCTAJgAoAL2AvgC/QMGAxEDFQMjAyoDMwOmA6sDrgO7A8AAAAAAAAACAQAAAAAAAAAoAAAAAAAAAAAAAAAAAAAD0g==},
	Bdsk-Url-1 = {http://dx.doi.org/10.1016/0304-3975(90)90147-A}}

@inproceedings{baker90,
	Address = {New York, NY, USA},
	Author = {H. G. Baker},
	Booktitle = {LFP '90: Proceedings of the 1990 ACM conference on LISP and functional programming},
	Date-Added = {2011-03-22 10:11:23 +0100},
	Date-Modified = {2011-03-22 10:11:23 +0100},
	Doi = {http://doi.acm.org/10.1145/91556.91652},
	Isbn = {0-89791-368-X},
	Location = {Nice, France},
	Pages = {218--226},
	Publisher = {ACM},
	Title = {Unify and conquer},
	Url = {http://portal.acm.org/ft_gateway.cfm?id=91652&type=pdf&coll=GUIDE&dl=GUIDE,&CFID=79249095&CFTOKEN=47805893},
	Year = {1990},
	Bdsk-File-1 = {YnBsaXN0MDDUAQIDBAUIJidUJHRvcFgkb2JqZWN0c1gkdmVyc2lvblkkYXJjaGl2ZXLRBgdUcm9vdIABqAkKFRYXGyIjVSRudWxs0wsMDQ4RFFpOUy5vYmplY3RzV05TLmtleXNWJGNsYXNzog8QgASABqISE4ACgAOAB1lhbGlhc0RhdGFccmVsYXRpdmVQYXRo0hgNGRpXTlMuZGF0YU8RAcIAAAAAAcIAAgAADE1hY2ludG9zaCBIRAAAAAAAAAAAAAAAAAAAAMmIDGFIKwAAABGEzgl1bmlmeS5wZGYAAAAAAAAAAAAAAAAAAAAAAAAAAAAAAAAAAAAAAAAAAAAAAAAAAAAAAAAAAAAAAAAAAAAAAAAAEckdyUvepgAAAAAAAAAAAAYABgAACSAAAAAAAAAAAAAAAAAAAAAKZnVuY3Rpb25hbAAQAAgAAMmH/lEAAAARAAgAAMlL0JYAAAABABwAEYTOABGDPAARgfUABwqlAAcH/QAFrsQAAJGeAAIAUk1hY2ludG9zaCBIRDpVc2VyczpjY3Bhc3RldXI6RHJvcGJveDpTYXV2ZWdhcmRlczpzdGFnZTpiaWJsaW86ZnVuY3Rpb25hbDp1bmlmeS5wZGYADgAUAAkAdQBuAGkAZgB5AC4AcABkAGYADwAaAAwATQBhAGMAaQBuAHQAbwBzAGgAIABIAEQAEgBFVXNlcnMvY2NwYXN0ZXVyL0Ryb3Bib3gvU2F1dmVnYXJkZXMvc3RhZ2UvYmlibGlvL2Z1bmN0aW9uYWwvdW5pZnkucGRmAAATAAEvAAAVAAIAEP//AACABdIcHR4fWCRjbGFzc2VzWiRjbGFzc25hbWWjHyAhXU5TTXV0YWJsZURhdGFWTlNEYXRhWE5TT2JqZWN0XxBHLi4vLi4vLi4vLi4vLi4vLi4vRHJvcGJveC9TYXV2ZWdhcmRlcy9zdGFnZS9iaWJsaW8vZnVuY3Rpb25hbC91bmlmeS5wZGbSHB0kJaIlIVxOU0RpY3Rpb25hcnkSAAGGoF8QD05TS2V5ZWRBcmNoaXZlcgAIABEAFgAfACgAMgA1ADoAPABFAEsAUgBdAGUAbABvAHEAcwB2AHgAegB8AIYAkwCYAKACZgJoAm0CdgKBAoUCkwKaAqMC7QLyAvUDAgMHAAAAAAAAAgEAAAAAAAAAKAAAAAAAAAAAAAAAAAAAAxk=},
	Bdsk-Url-1 = {http://portal.acm.org/ft_gateway.cfm?id=91652&type=pdf&coll=GUIDE&dl=GUIDE,&CFID=79249095&CFTOKEN=47805893},
	Bdsk-Url-2 = {http://doi.acm.org/10.1145/91556.91652}}

@inproceedings{odersky91,
	Address = {New York, NY, USA},
	Author = {M. Odersky},
	Booktitle = {POPL '91: Proceedings of the 18th ACM SIGPLAN-SIGACT symposium on Principles of programming languages},
	Date-Added = {2011-03-22 10:10:22 +0100},
	Date-Modified = {2011-03-22 10:10:22 +0100},
	Doi = {http://doi.acm.org/10.1145/99583.99590},
	Isbn = {0-89791-419-8},
	Location = {Orlando, Florida, United States},
	Pages = {25--36},
	Publisher = {ACM},
	Title = {How to make destructive updates less destructive},
	Url = {http://portal.acm.org/ft_gateway.cfm?id=99590&type=pdf&coll=GUIDE&dl=GUIDE&CFID=78606647&CFTOKEN=84642416},
	Year = {1991},
	Bdsk-File-1 = {YnBsaXN0MDDUAQIDBAUIJidUJHRvcFgkb2JqZWN0c1gkdmVyc2lvblkkYXJjaGl2ZXLRBgdUcm9vdIABqAkKFRYXGyIjVSRudWxs0wsMDQ4RFFpOUy5vYmplY3RzV05TLmtleXNWJGNsYXNzog8QgASABqISE4ACgAOAB1lhbGlhc0RhdGFccmVsYXRpdmVQYXRo0hgNGRpXTlMuZGF0YU8RAfoAAAAAAfoAAgAADE1hY2ludG9zaCBIRAAAAAAAAAAAAAAAAAAAAMmIDGFIKwAAABGEzhdkZXN0cnVjdGl2ZS11cGRhdGVzLnBkZgAAAAAAAAAAAAAAAAAAAAAAAAAAAAAAAAAAAAAAAAAAAAAAAAAAAAAAEcx9yUvepAAAAAAAAAAAAAYABgAACSAAAAAAAAAAAAAAAAAAAAAKZnVuY3Rpb25hbAAQAAgAAMmH/lEAAAARAAgAAMlL0JQAAAABABwAEYTOABGDPAARgfUABwqlAAcH/QAFrsQAAJGeAAIAYE1hY2ludG9zaCBIRDpVc2VyczpjY3Bhc3RldXI6RHJvcGJveDpTYXV2ZWdhcmRlczpzdGFnZTpiaWJsaW86ZnVuY3Rpb25hbDpkZXN0cnVjdGl2ZS11cGRhdGVzLnBkZgAOADAAFwBkAGUAcwB0AHIAdQBjAHQAaQB2AGUALQB1AHAAZABhAHQAZQBzAC4AcABkAGYADwAaAAwATQBhAGMAaQBuAHQAbwBzAGgAIABIAEQAEgBTVXNlcnMvY2NwYXN0ZXVyL0Ryb3Bib3gvU2F1dmVnYXJkZXMvc3RhZ2UvYmlibGlvL2Z1bmN0aW9uYWwvZGVzdHJ1Y3RpdmUtdXBkYXRlcy5wZGYAABMAAS8AABUAAgAQ//8AAIAF0hwdHh9YJGNsYXNzZXNaJGNsYXNzbmFtZaMfICFdTlNNdXRhYmxlRGF0YVZOU0RhdGFYTlNPYmplY3RfEFUuLi8uLi8uLi8uLi8uLi8uLi9Ecm9wYm94L1NhdXZlZ2FyZGVzL3N0YWdlL2JpYmxpby9mdW5jdGlvbmFsL2Rlc3RydWN0aXZlLXVwZGF0ZXMucGRm0hwdJCWiJSFcTlNEaWN0aW9uYXJ5EgABhqBfEA9OU0tleWVkQXJjaGl2ZXIACAARABYAHwAoADIANQA6ADwARQBLAFIAXQBlAGwAbwBxAHMAdgB4AHoAfACGAJMAmACgAp4CoAKlAq4CuQK9AssC0gLbAzMDOAM7A0gDTQAAAAAAAAIBAAAAAAAAACgAAAAAAAAAAAAAAAAAAANf},
	Bdsk-Url-1 = {http://portal.acm.org/ft_gateway.cfm?id=99590&type=pdf&coll=GUIDE&dl=GUIDE&CFID=78606647&CFTOKEN=84642416},
	Bdsk-Url-2 = {http://doi.acm.org/10.1145/99583.99590}}

@inproceedings{bloss89,
	Address = {New York, NY, USA},
	Author = {A. Bloss},
	Booktitle = {FPCA '89: Proceedings of the fourth international conference on Functional programming languages and computer architecture},
	Date-Added = {2011-03-22 10:10:10 +0100},
	Date-Modified = {2011-03-22 10:10:10 +0100},
	Doi = {http://doi.acm.org/10.1145/99370.99373},
	Isbn = {0-89791-328-0},
	Location = {Imperial College, London, United Kingdom},
	Pages = {26--38},
	Publisher = {ACM},
	Title = {Update analysis and the efficient implementation of functional aggregates},
	Url = {http://portal.acm.org/ft_gateway.cfm?id=99373&type=pdf&coll=GUIDE&dl=GUIDE&CFID=79250686&CFTOKEN=64902621},
	Year = {1989},
	Bdsk-File-1 = {YnBsaXN0MDDUAQIDBAUIJidUJHRvcFgkb2JqZWN0c1gkdmVyc2lvblkkYXJjaGl2ZXLRBgdUcm9vdIABqAkKFRYXGyIjVSRudWxs0wsMDQ4RFFpOUy5vYmplY3RzV05TLmtleXNWJGNsYXNzog8QgASABqISE4ACgAOAB1lhbGlhc0RhdGFccmVsYXRpdmVQYXRo0hgNGRpXTlMuZGF0YU8RAdIAAAAAAdIAAgAADE1hY2ludG9zaCBIRAAAAAAAAAAAAAAAAAAAAMmIDGFIKwAAABGEzg1wMjYtYmxvc3MucGRmAAAAAAAAAAAAAAAAAAAAAAAAAAAAAAAAAAAAAAAAAAAAAAAAAAAAAAAAAAAAAAAAAAAAEd48yUvepQAAAAAAAAAAAAYABgAACSAAAAAAAAAAAAAAAAAAAAAKZnVuY3Rpb25hbAAQAAgAAMmH/lEAAAARAAgAAMlL0JUAAAABABwAEYTOABGDPAARgfUABwqlAAcH/QAFrsQAAJGeAAIAVk1hY2ludG9zaCBIRDpVc2VyczpjY3Bhc3RldXI6RHJvcGJveDpTYXV2ZWdhcmRlczpzdGFnZTpiaWJsaW86ZnVuY3Rpb25hbDpwMjYtYmxvc3MucGRmAA4AHAANAHAAMgA2AC0AYgBsAG8AcwBzAC4AcABkAGYADwAaAAwATQBhAGMAaQBuAHQAbwBzAGgAIABIAEQAEgBJVXNlcnMvY2NwYXN0ZXVyL0Ryb3Bib3gvU2F1dmVnYXJkZXMvc3RhZ2UvYmlibGlvL2Z1bmN0aW9uYWwvcDI2LWJsb3NzLnBkZgAAEwABLwAAFQACABD//wAAgAXSHB0eH1gkY2xhc3Nlc1okY2xhc3NuYW1lox8gIV1OU011dGFibGVEYXRhVk5TRGF0YVhOU09iamVjdF8QSy4uLy4uLy4uLy4uLy4uLy4uL0Ryb3Bib3gvU2F1dmVnYXJkZXMvc3RhZ2UvYmlibGlvL2Z1bmN0aW9uYWwvcDI2LWJsb3NzLnBkZtIcHSQloiUhXE5TRGljdGlvbmFyeRIAAYagXxAPTlNLZXllZEFyY2hpdmVyAAgAEQAWAB8AKAAyADUAOgA8AEUASwBSAF0AZQBsAG8AcQBzAHYAeAB6AHwAhgCTAJgAoAJ2AngCfQKGApEClQKjAqoCswMBAwYDCQMWAxsAAAAAAAACAQAAAAAAAAAoAAAAAAAAAAAAAAAAAAADLQ==},
	Bdsk-Url-1 = {http://portal.acm.org/ft_gateway.cfm?id=99373&type=pdf&coll=GUIDE&dl=GUIDE&CFID=79250686&CFTOKEN=64902621},
	Bdsk-Url-2 = {http://doi.acm.org/10.1145/99370.99373}}

@article{schnorf93,
	Address = {New York, NY, USA},
	Author = {P. Schnorf and M. Ganapathi and J. L. Hennessy},
	Date-Added = {2011-03-22 10:09:41 +0100},
	Date-Modified = {2011-03-22 10:09:41 +0100},
	Doi = {http://dx.doi.org/10.1002/spe.4380231102},
	Issn = {0038-0644},
	Journal = {Softw. Pract. Exper.},
	Number = 11,
	Pages = {1175--1200},
	Publisher = {John Wiley \& Sons, Inc.},
	Title = {Compile-time copy elimination},
	Volume = 23,
	Year = 1993,
	Bdsk-File-1 = {YnBsaXN0MDDUAQIDBAUIJidUJHRvcFgkb2JqZWN0c1gkdmVyc2lvblkkYXJjaGl2ZXLRBgdUcm9vdIABqAkKFRYXGyIjVSRudWxs0wsMDQ4RFFpOUy5vYmplY3RzV05TLmtleXNWJGNsYXNzog8QgASABqISE4ACgAOAB1lhbGlhc0RhdGFccmVsYXRpdmVQYXRo0hgNGRpXTlMuZGF0YU8RAiAAAAAAAiAAAgAADE1hY2ludG9zaCBIRAAAAAAAAAAAAAAAAAAAAMmIDGFIKwAAABGEzh9Db21waWxlLXRpbWUgY29weSBlbCMxMUU0N0UucGRmAAAAAAAAAAAAAAAAAAAAAAAAAAAAAAAAAAAAAAAAAAAAEeR+yUvepAAAAAAAAAAAAAYABgAACSAAAAAAAAAAAAAAAAAAAAAKZnVuY3Rpb25hbAAQAAgAAMmH/lEAAAARAAgAAMlL0JQAAAABABwAEYTOABGDPAARgfUABwqlAAcH/QAFrsQAAJGeAAIAaE1hY2ludG9zaCBIRDpVc2VyczpjY3Bhc3RldXI6RHJvcGJveDpTYXV2ZWdhcmRlczpzdGFnZTpiaWJsaW86ZnVuY3Rpb25hbDpDb21waWxlLXRpbWUgY29weSBlbCMxMUU0N0UucGRmAA4ARAAhAEMAbwBtAHAAaQBsAGUALQB0AGkAbQBlACAAYwBvAHAAeQAgAGUAbABpAG0AaQBuAGEAdABpAG8AbgAuAHAAZABmAA8AGgAMAE0AYQBjAGkAbgB0AG8AcwBoACAASABEABIAXVVzZXJzL2NjcGFzdGV1ci9Ecm9wYm94L1NhdXZlZ2FyZGVzL3N0YWdlL2JpYmxpby9mdW5jdGlvbmFsL0NvbXBpbGUtdGltZSBjb3B5IGVsaW1pbmF0aW9uLnBkZgAAEwABLwAAFQACABD//wAAgAXSHB0eH1gkY2xhc3Nlc1okY2xhc3NuYW1lox8gIV1OU011dGFibGVEYXRhVk5TRGF0YVhOU09iamVjdF8QXy4uLy4uLy4uLy4uLy4uLy4uL0Ryb3Bib3gvU2F1dmVnYXJkZXMvc3RhZ2UvYmlibGlvL2Z1bmN0aW9uYWwvQ29tcGlsZS10aW1lIGNvcHkgZWxpbWluYXRpb24ucGRm0hwdJCWiJSFcTlNEaWN0aW9uYXJ5EgABhqBfEA9OU0tleWVkQXJjaGl2ZXIACAARABYAHwAoADIANQA6ADwARQBLAFIAXQBlAGwAbwBxAHMAdgB4AHoAfACGAJMAmACgAsQCxgLLAtQC3wLjAvEC+AMBA2MDaANrA3gDfQAAAAAAAAIBAAAAAAAAACgAAAAAAAAAAAAAAAAAAAOP},
	Bdsk-Url-1 = {http://dx.doi.org/10.1002/spe.4380231102}}

@inproceedings{dietz89,
	Address = {London, UK},
	Author = {P. F. Dietz},
	Booktitle = {WADS '89: Proceedings of the Workshop on Algorithms and Data Structures},
	Date-Added = {2011-03-22 10:03:51 +0100},
	Date-Modified = {2011-03-22 10:03:51 +0100},
	Isbn = {3-540-51542-9},
	Pages = {67--74},
	Publisher = {Springer-Verlag},
	Title = {Fully Persistent Arrays (Extended Array)},
	Year = {1989},
	Bdsk-File-1 = {YnBsaXN0MDDUAQIDBAUIJidUJHRvcFgkb2JqZWN0c1gkdmVyc2lvblkkYXJjaGl2ZXLRBgdUcm9vdIABqAkKFRYXGyIjVSRudWxs0wsMDQ4RFFpOUy5vYmplY3RzV05TLmtleXNWJGNsYXNzog8QgASABqISE4ACgAOAB1lhbGlhc0RhdGFccmVsYXRpdmVQYXRo0hgNGRpXTlMuZGF0YU8RAboAAAAAAboAAgAADE1hY2ludG9zaCBIRAAAAAAAAAAAAAAAAAAAAMmIDGFIKwAAABGEygp0ciMyOTAucGRmAAAAAAAAAAAAAAAAAAAAAAAAAAAAAAAAAAAAAAAAAAAAAAAAAAAAAAAAAAAAAAAAAAAAAAAAEc/QyUvepAAAAAAAAAAAAAYABgAACSAAAAAAAAAAAAAAAAAAAAAGYXV0cmVzABAACAAAyYf+UQAAABEACAAAyUvQlAAAAAEAHAARhMoAEYM8ABGB9QAHCqUABwf9AAWuxAAAkZ4AAgBPTWFjaW50b3NoIEhEOlVzZXJzOmNjcGFzdGV1cjpEcm9wYm94OlNhdXZlZ2FyZGVzOnN0YWdlOmJpYmxpbzphdXRyZXM6dHIjMjkwLnBkZgAADgAWAAoAdAByACMAMgA5ADAALgBwAGQAZgAPABoADABNAGEAYwBpAG4AdABvAHMAaAAgAEgARAASAEJVc2Vycy9jY3Bhc3RldXIvRHJvcGJveC9TYXV2ZWdhcmRlcy9zdGFnZS9iaWJsaW8vYXV0cmVzL3RyIzI5MC5wZGYAEwABLwAAFQACABD//wAAgAXSHB0eH1gkY2xhc3Nlc1okY2xhc3NuYW1lox8gIV1OU011dGFibGVEYXRhVk5TRGF0YVhOU09iamVjdF8QRC4uLy4uLy4uLy4uLy4uLy4uL0Ryb3Bib3gvU2F1dmVnYXJkZXMvc3RhZ2UvYmlibGlvL2F1dHJlcy90ciMyOTAucGRm0hwdJCWiJSFcTlNEaWN0aW9uYXJ5EgABhqBfEA9OU0tleWVkQXJjaGl2ZXIACAARABYAHwAoADIANQA6ADwARQBLAFIAXQBlAGwAbwBxAHMAdgB4AHoAfACGAJMAmACgAl4CYAJlAm4CeQJ9AosCkgKbAuIC5wLqAvcC/AAAAAAAAAIBAAAAAAAAACgAAAAAAAAAAAAAAAAAAAMO}}

@article{McCarthy:1960,
	Address = {New York, NY, USA},
	Author = {J. McCarthy },
	Date-Added = {2011-03-22 10:01:44 +0100},
	Date-Modified = {2011-03-22 10:01:46 +0100},
	Doi = {http://doi.acm.org/10.1145/367177.367199},
	Issn = {0001-0782},
	Journal = {Commun. ACM},
	Number = {4},
	Pages = {184--195},
	Publisher = {ACM},
	Title = {Recursive functions of symbolic expressions and their computation by machine, Part I},
	Url = {http://portal.acm.org/ft_gateway.cfm?id=367199&type=pdf&coll=GUIDE&dl=GUIDE&CFID=96294428&CFTOKEN=69903558},
	Volume = {3},
	Year = {1960},
	Bdsk-Url-1 = {http://portal.acm.org/ft_gateway.cfm?id=367199&type=pdf&coll=GUIDE&dl=GUIDE&CFID=96294428&CFTOKEN=69903558},
	Bdsk-Url-2 = {http://doi.acm.org/10.1145/367177.367199}}

@inproceedings{hudak85,
	Address = {New York, NY, USA},
	Author = {P. Hudak and A. Bloss},
	Booktitle = {POPL '85: Proceedings of the 12th ACM SIGACT-SIGPLAN symposium on Principles of programming languages},
	Date-Added = {2011-03-22 10:00:12 +0100},
	Date-Modified = {2011-03-22 10:00:12 +0100},
	Doi = {http://doi.acm.org/10.1145/318593.318660},
	Isbn = {0-89791-147-4},
	Location = {New Orleans, Louisiana, United States},
	Pages = {300--314},
	Publisher = {ACM},
	Title = {The aggregate update problem in functional programming systems},
	Url = {http://portal.acm.org/ft_gateway.cfm?id=318660&type=pdf&coll=GUIDE&dl=GUIDE,&CFID=78431219&CFTOKEN=57541690},
	Year = {1985},
	Bdsk-File-1 = {YnBsaXN0MDDUAQIDBAUIJidUJHRvcFgkb2JqZWN0c1gkdmVyc2lvblkkYXJjaGl2ZXLRBgdUcm9vdIABqAkKFRYXGyIjVSRudWxs0wsMDQ4RFFpOUy5vYmplY3RzV05TLmtleXNWJGNsYXNzog8QgASABqISE4ACgAOAB1lhbGlhc0RhdGFccmVsYXRpdmVQYXRo0hgNGRpXTlMuZGF0YU8RAcoAAAAAAcoAAgAADE1hY2ludG9zaCBIRAAAAAAAAAAAAAAAAAAAAMmIDGFIKwAAABGEyg5wMzAwLWh1ZGFrLnBkZgAAAAAAAAAAAAAAAAAAAAAAAAAAAAAAAAAAAAAAAAAAAAAAAAAAAAAAAAAAAAAAAAAAEd5myUvepAAAAAAAAAAAAAYABgAACSAAAAAAAAAAAAAAAAAAAAAGYXV0cmVzABAACAAAyYf+UQAAABEACAAAyUvQlAAAAAEAHAARhMoAEYM8ABGB9QAHCqUABwf9AAWuxAAAkZ4AAgBTTWFjaW50b3NoIEhEOlVzZXJzOmNjcGFzdGV1cjpEcm9wYm94OlNhdXZlZ2FyZGVzOnN0YWdlOmJpYmxpbzphdXRyZXM6cDMwMC1odWRhay5wZGYAAA4AHgAOAHAAMwAwADAALQBoAHUAZABhAGsALgBwAGQAZgAPABoADABNAGEAYwBpAG4AdABvAHMAaAAgAEgARAASAEZVc2Vycy9jY3Bhc3RldXIvRHJvcGJveC9TYXV2ZWdhcmRlcy9zdGFnZS9iaWJsaW8vYXV0cmVzL3AzMDAtaHVkYWsucGRmABMAAS8AABUAAgAQ//8AAIAF0hwdHh9YJGNsYXNzZXNaJGNsYXNzbmFtZaMfICFdTlNNdXRhYmxlRGF0YVZOU0RhdGFYTlNPYmplY3RfEEguLi8uLi8uLi8uLi8uLi8uLi9Ecm9wYm94L1NhdXZlZ2FyZGVzL3N0YWdlL2JpYmxpby9hdXRyZXMvcDMwMC1odWRhay5wZGbSHB0kJaIlIVxOU0RpY3Rpb25hcnkSAAGGoF8QD05TS2V5ZWRBcmNoaXZlcgAIABEAFgAfACgAMgA1ADoAPABFAEsAUgBdAGUAbABvAHEAcwB2AHgAegB8AIYAkwCYAKACbgJwAnUCfgKJAo0CmwKiAqsC9gL7Av4DCwMQAAAAAAAAAgEAAAAAAAAAKAAAAAAAAAAAAAAAAAAAAyI=},
	Bdsk-Url-1 = {http://portal.acm.org/ft_gateway.cfm?id=318660&type=pdf&coll=GUIDE&dl=GUIDE,&CFID=78431219&CFTOKEN=57541690},
	Bdsk-Url-2 = {http://doi.acm.org/10.1145/318593.318660}}

@phdthesis{morel-these,
	Author = {L. Morel},
	Date-Added = {2011-03-21 15:23:24 +0100},
	Date-Modified = {2011-03-21 15:23:24 +0100},
	Read = {Oui},
	School = {Verimag},
	Title = {Exploitation des structures r{\'e}guli{\`e}res et des sp{\'e}cifications locales pour le d{\'e}veloppement correct de syst{\`e}mes r{\'e}actifs de grande taille},
	Year = {2005},
	Bdsk-File-1 = {YnBsaXN0MDDUAQIDBAUIJidUJHRvcFgkb2JqZWN0c1gkdmVyc2lvblkkYXJjaGl2ZXLRBgdUcm9vdIABqAkKFRYXGyIjVSRudWxs0wsMDQ4RFFpOUy5vYmplY3RzV05TLmtleXNWJGNsYXNzog8QgASABqISE4ACgAOAB1lhbGlhc0RhdGFccmVsYXRpdmVQYXRo0hgNGRpXTlMuZGF0YU8RAbYAAAAAAbYAAgAADE1hY2ludG9zaCBIRAAAAAAAAAAAAAAAAAAAAMmIDGFIKwAAABGEyQl0aGVzZS5wZGYAAAAAAAAAAAAAAAAAAAAAAAAAAAAAAAAAAAAAAAAAAAAAAAAAAAAAAAAAAAAAAAAAAAAAAAAAEeMPyUvepwAAAAAAAAAAAAYABgAACSAAAAAAAAAAAAAAAAAAAAAGbHVzdHJlABAACAAAyYf+UQAAABEACAAAyUvQlwAAAAEAHAARhMkAEYM8ABGB9QAHCqUABwf9AAWuxAAAkZ4AAgBOTWFjaW50b3NoIEhEOlVzZXJzOmNjcGFzdGV1cjpEcm9wYm94OlNhdXZlZ2FyZGVzOnN0YWdlOmJpYmxpbzpsdXN0cmU6dGhlc2UucGRmAA4AFAAJAHQAaABlAHMAZQAuAHAAZABmAA8AGgAMAE0AYQBjAGkAbgB0AG8AcwBoACAASABEABIAQVVzZXJzL2NjcGFzdGV1ci9Ecm9wYm94L1NhdXZlZ2FyZGVzL3N0YWdlL2JpYmxpby9sdXN0cmUvdGhlc2UucGRmAAATAAEvAAAVAAIAEP//AACABdIcHR4fWCRjbGFzc2VzWiRjbGFzc25hbWWjHyAhXU5TTXV0YWJsZURhdGFWTlNEYXRhWE5TT2JqZWN0XxBDLi4vLi4vLi4vLi4vLi4vLi4vRHJvcGJveC9TYXV2ZWdhcmRlcy9zdGFnZS9iaWJsaW8vbHVzdHJlL3RoZXNlLnBkZtIcHSQloiUhXE5TRGljdGlvbmFyeRIAAYagXxAPTlNLZXllZEFyY2hpdmVyAAgAEQAWAB8AKAAyADUAOgA8AEUASwBSAF0AZQBsAG8AcQBzAHYAeAB6AHwAhgCTAJgAoAJaAlwCYQJqAnUCeQKHAo4ClwLdAuIC5QLyAvcAAAAAAAACAQAAAAAAAAAoAAAAAAAAAAAAAAAAAAADCQ==}}

@inproceedings{Mandel:2010,
	Address = {Qu{\'e}bec, Canada},
	Author = {Louis Mandel and Florence Plateau and Marc Pouzet},
	Booktitle = {Tenth International Conference on Mathematics of Program Construction ({MPC 2010})},
	Date-Added = {2011-03-21 15:00:42 +0100},
	Date-Modified = {2011-03-21 15:00:45 +0100},
	Month = jun,
	Title = {{Lucy-n}: a n-Synchronous Extension of {Lustre}},
	Url = {MandelPlateauPouzet-MPC-2010.pdf},
	Webpage = {http://www.lri.fr/~mandel/lucy-n/mpc10/},
	Year = 2010,
	Bdsk-Url-1 = {MandelPlateauPouzet-MPC-2010.pdf}}

@inproceedings{caspi09,
	Address = {New York, NY, USA},
	Author = {Caspi, Paul and Cola\c{c}o, Jean-Louis and G\'{e}rard, L\'{e}onard and Pouzet, Marc and Raymond, Pascal},
	Booktitle = {LCTES '09: Proceedings of the 2009 ACM SIGPLAN/SIGBED conference on Languages, compilers, and tools for embedded systems},
	Date-Added = {2011-03-21 14:55:08 +0100},
	Date-Modified = {2011-03-21 14:55:08 +0100},
	Doi = {http://doi.acm.org/10.1145/1542452.1542455},
	Isbn = {978-1-60558-356-3},
	Location = {Dublin, Ireland},
	Pages = {11--20},
	Publisher = {ACM},
	Read = {Oui},
	Title = {Synchronous objects with scheduling policies: introducing safe shared memory in lustre},
	Year = {2009},
	Bdsk-File-1 = {YnBsaXN0MDDUAQIDBAUIJidUJHRvcFgkb2JqZWN0c1gkdmVyc2lvblkkYXJjaGl2ZXLRBgdUcm9vdIABqAkKFRYXGyIjVSRudWxs0wsMDQ4RFFpOUy5vYmplY3RzV05TLmtleXNWJGNsYXNzog8QgASABqISE4ACgAOAB1lhbGlhc0RhdGFccmVsYXRpdmVQYXRo0hgNGRpXTlMuZGF0YU8RAbYAAAAAAbYAAgAADE1hY2ludG9zaCBIRAAAAAAAAAAAAAAAAAAAAMmIDGFIKwAAABGEyQlsY3Rlcy5wZGYAAAAAAAAAAAAAAAAAAAAAAAAAAAAAAAAAAAAAAAAAAAAAAAAAAAAAAAAAAAAAAAAAAAAAAAAAEc0eyUvepgAAAAAAAAAAAAYABgAACSAAAAAAAAAAAAAAAAAAAAAGbHVzdHJlABAACAAAyYf+UQAAABEACAAAyUvQlgAAAAEAHAARhMkAEYM8ABGB9QAHCqUABwf9AAWuxAAAkZ4AAgBOTWFjaW50b3NoIEhEOlVzZXJzOmNjcGFzdGV1cjpEcm9wYm94OlNhdXZlZ2FyZGVzOnN0YWdlOmJpYmxpbzpsdXN0cmU6bGN0ZXMucGRmAA4AFAAJAGwAYwB0AGUAcwAuAHAAZABmAA8AGgAMAE0AYQBjAGkAbgB0AG8AcwBoACAASABEABIAQVVzZXJzL2NjcGFzdGV1ci9Ecm9wYm94L1NhdXZlZ2FyZGVzL3N0YWdlL2JpYmxpby9sdXN0cmUvbGN0ZXMucGRmAAATAAEvAAAVAAIAEP//AACABdIcHR4fWCRjbGFzc2VzWiRjbGFzc25hbWWjHyAhXU5TTXV0YWJsZURhdGFWTlNEYXRhWE5TT2JqZWN0XxBDLi4vLi4vLi4vLi4vLi4vLi4vRHJvcGJveC9TYXV2ZWdhcmRlcy9zdGFnZS9iaWJsaW8vbHVzdHJlL2xjdGVzLnBkZtIcHSQloiUhXE5TRGljdGlvbmFyeRIAAYagXxAPTlNLZXllZEFyY2hpdmVyAAgAEQAWAB8AKAAyADUAOgA8AEUASwBSAF0AZQBsAG8AcQBzAHYAeAB6AHwAhgCTAJgAoAJaAlwCYQJqAnUCeQKHAo4ClwLdAuIC5QLyAvcAAAAAAAACAQAAAAAAAAAoAAAAAAAAAAAAAAAAAAADCQ==},
	Bdsk-Url-1 = {http://doi.acm.org/10.1145/1542452.1542455}}

@inproceedings{Delaval:2010,
	Abstract = {We describe the extension of a reactive programming
                 language with a behavioral contract construct.  It
                 is dedicated to the programming of reactive control
                 of applications in embedded systems, and involves
                 principles of the supervisory control of discrete
                 event systems.  Our contribution is in a language
                 approach where modular discrete controller synthesis
                 (DCS) is integrated, and it is concretized in the
                 encapsulation of DCS into a compilation process.
                 From transition system specifications of possible
                 behaviors, DCS automatically produces controllers
                 that make the controlled system satisfy the property
                 given as objective.  Our language features and
                 compiling technique provide
                 correctness-by-construction in that sense, and
                 enhance reliability and verifiability.  Our
                 application domain is adaptive and reconfigurable
                 systems: closed-loop adaptation mechanisms enable
                 flexible execution of functionalities w.r.t.
                 changing resource and environment conditions.  Our
                 language can serve programming such adaption
                 controllers.  This paper particularly describes the
                 compilation of the language.  We present a method
                 for the modular application of discrete controller
                 synthesis on synchronous programs, and its
                 integration in the BZR language.  We consider
                 structured programs, as a composition of nodes, and
                 first apply DCS on particular nodes of the program,
                 in order to reduce the complexity of the controller
                 computation; then, we allow the abstraction of parts
                 of the program for this computation; and finally, we
                 show how to recompose the different controllers
                 computed from different abstractions for their
                 correct co-execution with the initial program.  Our
                 work is illustrated with examples, and we present
                 quantitative results about its implementation.},
	Address = {Stockholm, Sweden},
	Author = {Delaval, Gwena\"{e}l and Marchand, Herv\'{e} and Rutten, \'{E}ric},
	Booktitle = {ACM International Conference on Languages, Compilers, and Tools for Embedded Systems (LCTES 2010)},
	Date-Added = {2011-03-21 14:47:33 +0100},
	Date-Modified = {2011-03-21 14:47:40 +0100},
	Month = apr,
	Pdf = {http://pop-art.inrialpes.fr/people/delaval/pub/lctes2010.pdf},
	Title = {Contracts for Modular Discrete Controller Synthesis},
	Year = 2010}

@inproceedings{Caspi:1987,
	Address = {New York, NY, USA},
	Author = {Paul Caspi~; Daniel Pilaud~; Nicolas Halbwachs~; John A. Plaice},
	Booktitle = {POPL '87: Proceedings of the 14th ACM SIGACT-SIGPLAN symposium on Principles of programming languages},
	Date-Added = {2011-03-21 14:28:17 +0100},
	Date-Modified = {2011-03-21 14:28:17 +0100},
	Doi = {http://doi.acm.org/10.1145/41625.41641},
	Isbn = {0-89791-215-2},
	Keywords = {synchronous programming},
	Location = {Munich, West Germany},
	Pages = {178--188},
	Publisher = {ACM},
	Title = {LUSTRE: a declarative language for real-time programming},
	Url = {http://portal.acm.org/ft_gateway.cfm?id=41641&type=pdf&coll=GUIDE&dl=GUIDE&CFID=95521708&CFTOKEN=43171151},
	Year = {1987},
	Bdsk-Url-1 = {http://portal.acm.org/ft_gateway.cfm?id=41641&type=pdf&coll=GUIDE&dl=GUIDE&CFID=95521708&CFTOKEN=43171151},
	Bdsk-Url-2 = {http://doi.acm.org/10.1145/41625.41641}}

@article{brelaz79,
	Address = {New York, NY, USA},
	Author = {D. Br\'{e}laz},
	Date-Added = {2011-03-18 15:36:41 +0100},
	Date-Modified = {2011-03-18 15:36:41 +0100},
	Doi = {http://doi.acm.org/10.1145/359094.359101},
	Issn = {0001-0782},
	Journal = {Commun. ACM},
	Number = {4},
	Pages = {251--256},
	Publisher = {ACM},
	Title = {New methods to color the vertices of a graph},
	Url = {http://portal.acm.org/ft_gateway.cfm?id=359101&type=pdf&coll=GUIDE&dl=GUIDE&CFID=92217776&CFTOKEN=67494489},
	Volume = {22},
	Year = {1979},
	Bdsk-Url-1 = {http://portal.acm.org/ft_gateway.cfm?id=359101&type=pdf&coll=GUIDE&dl=GUIDE&CFID=92217776&CFTOKEN=67494489},
	Bdsk-Url-2 = {http://doi.acm.org/10.1145/359094.359101}}

@inproceedings{Colaco:2005,
	Abstract = {This paper presents an extension of a synchronous
data-flow language such as Lustre with imperative features expressed
in terms of powerful state machine \`a la SyncChart.  This
extension is fully conservative in the sense that all the
programs from the basic language still make sense in the extended
language and their semantics is preserved.

From a syntactical point of view this extension consists in
hierarchical state machines that may carry at each hierarchy level a
bunch of equations.  This proposition is an alternative to the joint
use of Simulink and Stateflow but improves it by allowing a fine
grain mix of both styles.

The central idea of the paper is to base this extension on the use of
clocks, translating imperative constructs into well clocked
data-flow programs from the basic language. This clock directed
approach is an easy way to define a semantics for the extension, it is
light to implement in an existing compiler and experiments show that
the generated code compete favorably with ad-hoc techniques.
The proposed extension has been implemented in the ReLuC compiler of
Scade/Lustre and in the Lucid Synchrone compiler.
},
	Address = {Jersey city, New Jersey, USA},
	Author = {J.-L. Cola\c{c}o and B. Pagano and M. Pouzet},
	Booktitle = {ACM International Conference on Embedded Software (EMSOFT'05)},
	Date-Added = {2011-03-17 08:54:04 +0100},
	Date-Modified = {2011-03-17 08:54:04 +0100},
	Keywords = {synchronous programming; Heptagon},
	Month = {September},
	Title = {A Conservative Extension of Synchronous Data-flow with State Machines},
	Year = 2005,
	Bdsk-File-1 = {YnBsaXN0MDDUAQIDBAUIJidUJHRvcFgkb2JqZWN0c1gkdmVyc2lvblkkYXJjaGl2ZXLRBgdUcm9vdIABqAkKFRYXGyIjVSRudWxs0wsMDQ4RFFpOUy5vYmplY3RzV05TLmtleXNWJGNsYXNzog8QgASABqISE4ACgAOAB1lhbGlhc0RhdGFccmVsYXRpdmVQYXRo0hgNGRpXTlMuZGF0YU8RAawAAAAAAawAAgAADE1hY2ludG9zaCBIRAAAAAAAAAAAAAAAAAAAAMmIDGFIKwAAAA+1Xg9Db2xhY28gMjAwNS5wZGYAAAAAAAAAAAAAAAAAAAAAAAAAAAAAAAAAAAAAAAAAAAAAAAAAAAAAAAAAAAAAAAAAIRw7yUvdzQAAAAAAAAAAAAYABAAACSAAAAAAAAAAAAAAAAAAAAAGcGFwZXJzABAACAAAyYf+UQAAABEACAAAyUvPvQAAAAEAFAAPtV4ABwqlAAcH/QAFrsQAAJGeAAIAR01hY2ludG9zaCBIRDpVc2VyczpjY3Bhc3RldXI6RHJvcGJveDpTYXV2ZWdhcmRlczpwYXBlcnM6Q29sYWNvIDIwMDUucGRmAAAOACAADwBDAG8AbABhAGMAbwAgADIAMAAwADUALgBwAGQAZgAPABoADABNAGEAYwBpAG4AdABvAHMAaAAgAEgARAASADpVc2Vycy9jY3Bhc3RldXIvRHJvcGJveC9TYXV2ZWdhcmRlcy9wYXBlcnMvQ29sYWNvIDIwMDUucGRmABMAAS8AABUAAgAQ//8AAIAF0hwdHh9YJGNsYXNzZXNaJGNsYXNzbmFtZaMfICFdTlNNdXRhYmxlRGF0YVZOU0RhdGFYTlNPYmplY3RfEDwuLi8uLi8uLi8uLi8uLi8uLi9Ecm9wYm94L1NhdXZlZ2FyZGVzL3BhcGVycy9Db2xhY28gMjAwNS5wZGbSHB0kJaIlIVxOU0RpY3Rpb25hcnkSAAGGoF8QD05TS2V5ZWRBcmNoaXZlcgAIABEAFgAfACgAMgA1ADoAPABFAEsAUgBdAGUAbABvAHEAcwB2AHgAegB8AIYAkwCYAKACUAJSAlcCYAJrAm8CfQKEAo0CzALRAtQC4QLmAAAAAAAAAgEAAAAAAAAAKAAAAAAAAAAAAAAAAAAAAvg=}}

@inproceedings{Biernacki:2008,
	Address = {New York, NY, USA},
	Author = {D. Biernacki and J.-L. Cola\c{c}o and G. Hamon and M. Pouzet},
	Booktitle = {LCTES '08: Proceedings of the 2008 ACM SIGPLAN-SIGBED conference on Languages, compilers, and tools for embedded systems},
	Date-Added = {2011-03-17 08:54:04 +0100},
	Date-Modified = {2011-03-17 08:54:04 +0100},
	Doi = {http://doi.acm.org/10.1145/1375657.1375674},
	Isbn = {978-1-60558-104-0},
	Keywords = {synchronous programming; Heptagon},
	Location = {Tucson, AZ, USA},
	Pages = {121--130},
	Publisher = {ACM},
	Title = {Clock-directed modular code generation for synchronous data-flow languages},
	Url = {http://portal.acm.org/ft_gateway.cfm?id=1375674&type=pdf&coll=GUIDE&dl=GUIDE&CFID=95521691&CFTOKEN=61999213},
	Year = {2008},
	Bdsk-File-1 = {YnBsaXN0MDDUAQIDBAUIJidUJHRvcFgkb2JqZWN0c1gkdmVyc2lvblkkYXJjaGl2ZXLRBgdUcm9vdIABqAkKFRYXGyIjVSRudWxs0wsMDQ4RFFpOUy5vYmplY3RzV05TLmtleXNWJGNsYXNzog8QgASABqISE4ACgAOAB1lhbGlhc0RhdGFccmVsYXRpdmVQYXRo0hgNGRpXTlMuZGF0YU8RAbgAAAAAAbgAAgAADE1hY2ludG9zaCBIRAAAAAAAAAAAAAAAAAAAAMmIDGFIKwAAAA+1XhJCaWVybmFja2kgMjAwOC5wZGYAAAAAAAAAAAAAAAAAAAAAAAAAAAAAAAAAAAAAAAAAAAAAAAAAAAAAAAAAAAAAIRWpyUvdyQAAAAAAAAAAAAYABAAACSAAAAAAAAAAAAAAAAAAAAAGcGFwZXJzABAACAAAyYf+UQAAABEACAAAyUvPuQAAAAEAFAAPtV4ABwqlAAcH/QAFrsQAAJGeAAIASk1hY2ludG9zaCBIRDpVc2VyczpjY3Bhc3RldXI6RHJvcGJveDpTYXV2ZWdhcmRlczpwYXBlcnM6Qmllcm5hY2tpIDIwMDgucGRmAA4AJgASAEIAaQBlAHIAbgBhAGMAawBpACAAMgAwADAAOAAuAHAAZABmAA8AGgAMAE0AYQBjAGkAbgB0AG8AcwBoACAASABEABIAPVVzZXJzL2NjcGFzdGV1ci9Ecm9wYm94L1NhdXZlZ2FyZGVzL3BhcGVycy9CaWVybmFja2kgMjAwOC5wZGYAABMAAS8AABUAAgAQ//8AAIAF0hwdHh9YJGNsYXNzZXNaJGNsYXNzbmFtZaMfICFdTlNNdXRhYmxlRGF0YVZOU0RhdGFYTlNPYmplY3RfED8uLi8uLi8uLi8uLi8uLi8uLi9Ecm9wYm94L1NhdXZlZ2FyZGVzL3BhcGVycy9CaWVybmFja2kgMjAwOC5wZGbSHB0kJaIlIVxOU0RpY3Rpb25hcnkSAAGGoF8QD05TS2V5ZWRBcmNoaXZlcgAIABEAFgAfACgAMgA1ADoAPABFAEsAUgBdAGUAbABvAHEAcwB2AHgAegB8AIYAkwCYAKACXAJeAmMCbAJ3AnsCiQKQApkC2wLgAuMC8AL1AAAAAAAAAgEAAAAAAAAAKAAAAAAAAAAAAAAAAAAAAwc=},
	Bdsk-Url-1 = {http://portal.acm.org/ft_gateway.cfm?id=1375674&type=pdf&coll=GUIDE&dl=GUIDE&CFID=95521691&CFTOKEN=61999213},
	Bdsk-Url-2 = {http://doi.acm.org/10.1145/1375657.1375674}}

@article{Leroy:2009:CompCert,
 author = {X. Leroy},
 title = {Formal verification of a realistic compiler},
 journal = {Commun. ACM},
 issue_date = {July 2009},
 volume = {52},
 issue = {7},
 month = jul,
 year = {2009},
 issn = {0001-0782},
 pages = {107--115},
 numpages = {9},
 url = {http://doi.acm.org/10.1145/1538788.1538814},
 doi = {http://doi.acm.org/10.1145/1538788.1538814},
 acmid = {1538814},
 publisher = {ACM},
 address = {New York, NY, USA},
}

@InProceedings{signal:pldi,
  author =   {T. Amagbegnon and L. Besnard and  P. Le Guernic.},
  title =    {{Implementation of the Data-flow Synchronous Language SIGNAL}},
  booktitle =    {Programming Languages Design and Implementation (PLDI)},
  pages =  {163-173},
  year =   1995,
  publisher =  {ACM}
}

@incollection{HarelPnueli,
 author = {David Harel~; Amir Pnueli},
 title = {On the development of reactive systems},
 booktitle = {Logics and models of concurrent systems},
 editor = {Apt, Krzysztof R.},
 year = {1985},
 isbn = {0-387-15181-8},
 pages = {477--498},
 numpages = {22},
 url = {http://dl.acm.org/citation.cfm?id=101969.101990},
 acmid = {101990},
 publisher = {Springer-Verlag New York, Inc.},
 address = {New York, NY, USA},
}

@inproceedings{Esterel1984,
 author = {G{\'e}rard Berry~; Laurent Cosserat},
 title = {The ESTEREL Synchronous Programming Language and its Mathematical Semantics},
 booktitle = {Seminar on Concurrency, Carnegie-Mellon University},
 year = {1985},
 isbn = {3-540-15670-4},
 pages = {389--448},
 numpages = {60},
 url = {http://dl.acm.org/citation.cfm?id=646723.702721},
 acmid = {702721},
 publisher = {Springer-Verlag},
 address = {London, UK, UK},
}

@inproceedings{SyncObs,
 author = {Nicolas Halbwachs~; Fabienne Lagnier~; Pascal Raymond},
 title = {Synchronous Observers and the Verification of Reactive Systems},
 booktitle = {Proceedings of the Third International Conference on Methodology and Software Technology: Algebraic Methodology and Software Technology},
 series = {AMAST '93},
 year = {1994},
 isbn = {3-540-19852-0},
 pages = {83--96},
 numpages = {14},
 url = {http://dl.acm.org/citation.cfm?id=646055.677894},
 acmid = {677894},
 publisher = {Springer-Verlag},
 address = {London, UK, UK},
}

@INPROCEEDINGS{TwelveYears,
    author = {Albert Benveniste~; Paul Caspi~; Stephen A. Edwards~; Nicolas Halbwachs~; Paul Le Guernic~; Robert De Simone},
    title = {The synchronous languages twelve years later},
    booktitle = {Proceedings of the IEEE},
    year = {2003},
    pages = {64--83}
}

@inproceedings{GhicaMemocode,
  author    = {Dan R. Ghica},
  title     = {Function interface models for hardware compilation},
  booktitle = {MEMOCODE},
  year      = {2011},
  pages     = {131-142},
  ee        = {http://dx.doi.org/10.1109/MEMCOD.2011.5970519},
  bibsource = {DBLP, http://dblp.uni-trier.de}
}

@inproceedings{GhicaRoundAbs,
  author    = {Dan R. Ghica~;
               Mohamed N. Menaa},
  title     = {On the Compositionality of Round Abstraction},
  booktitle = {CONCUR},
  year      = {2010},
  pages     = {417-431},
  ee        = {http://dx.doi.org/10.1007/978-3-642-15375-4_29},
  bibsource = {DBLP, http://dblp.uni-trier.de}
}

@article{ReactiveModules,
  author    = {Rajeev Alur~;
               Thomas A. Henzinger},
  title     = {Reactive Modules},
  journal   = {Formal Methods in System Design},
  volume    = {15},
  number    = {1},
  year      = {1999},
  pages     = {7-48},
  ee        = {http://dx.doi.org/10.1023/A:1008739929481},
  bibsource = {DBLP, http://dblp.uni-trier.de}
}
